2854 4522
201 237 241 300 ἰο
454 223 459 234 ’
665 229 818 294 nanum:

200 413 337 476 conciliat
351 412 492 474 amicitias
507 420 536 472 et
558 419 727 472 conservat:
751 411 783 472 in
805 429 838 472 aa
854 421 897 472 est
913 411 991 471 enim
1007 407 1211 472 convenientia
1225 428 1274 471 rc·

199 517 282 571 rum,
303 499 333 558 in
350 517 383 559 ea
399 497 554 570 stabilitas,
579 497 659 557 inea
681 496 855 557 constantia.
885 495 966 567 Quae
987 515 1054 558 cum
1076 515 1108 556 se
1127 495 1229 556 extulit
1244 504 1274 557 et

200 584 327 644 ostendit
341 601 428 644 suum
444 583 562 656 lumen,
581 590 610 642 et
624 582 701 642 idem
716 581 848 662 adspexit
859 581 1037 661 'agnovitque
1052 581 1083 642 in
1099 579 1176 644 alio:
1192 581 1228 641 ad
1243 581 1273 642 id

199 687 231 730 se
246 669 378 730 admovet
399 667 584 746 vicissimque
606 665 714 747 accipit
734 665 805 727 illud
827 667 906 746 quod
921 667 951 726 in
974 666 1064 727 altero
1080 676 1139 740 est,
1162 683 1272 752 exflquo

200 753 360 815 exardescit
393 753 452 814 sive
475 769 558 812 amor
583 753 643 812 sive
668 751 804 812 amicitia.
845 751 1006 832 Utrumque
1038 751 1117 812 enim
1151 751 1273 811 ductum

200 848 244 900 est
258 839 294 899 ah
309 839 449 909 amando;
465 855 562 898 amare
577 845 673 898 autern
690 837 763 897 nihil
779 843 824 898 est
838 837 933 906 aliud,
956 837 1012 897 nisi
1027 855 1094 897 eum
1116 836 1212 916 ipsum
1227 835 1272 896 di·

198 923 289 1002 ligere
305 941 392 1003 quem
408 941 497 996 ames,
513 921 593 983 nulla
608 921 784 999 indigentia,
800 921 879 983 nulla
895 921 1017 992 utilitate
1033 922 1179 1002 quaesita:
1197 939 1273 1000 quae

198 1019 296 1070 tamen
311 1010 375 1089 ipsa
391 1008 555 1070 ccllorescit
571 1025 605 1068 ex
620 1005 760 1080 amicitia,
781 1007 893 1068 etiamsi
911 1016 945 1068 tu
962 1025 1024 1067 eam
1040 1007 1140 1067 minus
1154 1015 1273 1067 secutus

147 1105 189 1155 101
201 1095 252 1155 sis.
280 1093 341 1154 llac
367 1112 423 1154 nos
448 1091 649 1154 adulescentes
674 1091 878 1153 benevolentia
899 1109 984 1153 senes
1005 1091 1072 1153 illos
1093 1091 1125 1152 L.
1149 1090 1273 1152 Paulum

201 1178 238 1239 ld.
256 1177 395 1240 Gatonem
412 1177 444 1238 G.
459 1176 573 1249 Galum,
589 1177 620 1238 P.
633 1177 766 1238 Nasicam
782 1176 826 1237 Ti.
839 1176 1003 1238 Gracchum
1015 1176 1165 1256 Scipionis
1180 1175 1272 1236 nostri

198 1281 333 1325 socerum
350 1261 519 1336 dileximus;
544 1263 616 1323 haec
635 1263 722 1324 etiam
745 1263 838 1340 magis
859 1262 955 1323 elucet
974 1262 1052 1322 inter
1066 1260 1217 1342 aequales,
1240 1268 1273 1321 ut

197 1349 337 1409 interme
358 1358 387 1408 et
402 1347 587 1427 Scipionem,
610 1347 643 1407 L.
660 1347 780 1408 Furium
803 1347 833 1407 P.
856 1345 1007 1428 Rupilium
1023 1347 1074 1426 Sp.
1090 1345 1272 1407 Mummium.

197 1432 331 1494 Vicissim
346 1443 442 1493 antem
459 1451 545 1493 senes
559 1432 590 1492 in
606 1432 838 1494 adulescentium
855 1433 975 1493 caritate
989 1432 1218 1512 acquiescimus,
1240 1437 1273 1490 nt

198 1518 229 1578 in
244 1525 356 1590 vestra,
377 1526 410 1578 ut
425 1518 455 1578 in
478 1515 511 1588 Q.
528 1517 712 1592 Tuberonis3
735 1518 871 1596 equidem
892 1518 979 1578 etiam
1000 1518 1156 1578 admodum
1171 1515 1271 1576 adule-

198 1602 307 1664 scentis
322 1602 354 1663 P.
369 1601 471 1662 Rutilii
487 1605 519 1662 h.
536 1601 665 1680 Verginii
684 1602 878 1664 familiaritate
900 1602 1038 1663 delector.
1068 1601 1274 1680 Quoniamque

197 1688 238 1748 ita
253 1687 326 1750 ratio
340 1695 505 1770 comparata
518 1697 562 1748 ast
573 1689 646 1748 vitae
659 1697 838 1767 naturaeque
849 1695 975 1760 nostrae,
991 1694 1024 1748 ut
1037 1685 1091 1748 alia
1102 1694 1180 1747 aetas
1195 1685 1272 1746 oria-

232 1805 540 1854 convenientiorem:
562 1820 594 1856 zu
617 1819 709 1854 rerum
760 1818 822 1870 geru
830 1801 965 1854 Africanus
975 1800 1054 1854 durch
1063 1803 1105 1854 die
1115 1801 1272 1870 Sempronia.

197 1875 299 1922 natura
316 1869 366 1922 Vll.
386 1873 427 1924 23.
793 1874 864 1922 inter
885 1885 927 1921 mc
951 1875 976 1921 et
1000 1871 1152 1937 Scipionem
1180 1869 1271 1936 gehhrt

231 1941 301 1990 idem
319 1939 429 1990 ndmlich
445 1955 523 1990 aarum
546 1939 647 2004 lumen,
670 1939 710 1990 ihr
759 1953 837 2006 anger
849 1953 1004 2004 zusammen,
1022 1938 1107 1990 indens
1119 1937 1205 1989 idalius
1218 1936 1272 1989 und

198 2007 534 2128 ttttlldtlttltll„
547 2007 710 2128 Stulti
758 2007 1272 2128 11116ῗέ1αέ111“”ἱῖἒ”μ”ἓὶῑῗὶ

197 2093 259 2208 nim,
277 2143 344 2195 ohne
358 2142 453 2207 jedcch
471 2143 521 2196 den
532 2090 662 2262 liauqotton
677 2157 708 2194 zu
757 2090 793 2207 ag
804 2113 1001 2209 Scinionirquc'
1009 2148 1036 2193 et
1045 2089 1129 2206 niati,
1147 2111 1272 2194 110111-

198 2210 325 2262 erhalten:
345 2211 397 2276 vgl.
415 2215 569 2262 nostrorum
597 2209 627 2263 V.
649 2213 687 2262 13.
760 2213 871 2262 chorum
889 2216 915 2262 et
930 2212 1023 2273 Fauni
1040 2215 1066 2260 et
1083 2210 1161 2262 Serui
1175 2209 1273 2260 Galbae

232 2279 346 2344 diligere
363 2278 417 2330 hier
436 2277 583 2332 auswhhlen
598 2278 709 2330 odener-
760 2279 877 2330 dtoeerim
894 2277 960 2332 Vell.
984 2279 1001 2330 l.
1026 2282 1065 2332 tt.
1091 2281 1115 2331 3.
1150 2277 1195 2328 Die
1218 2275 1271 2328 drei

197 2346 295 2410 kiesen,
310 2345 362 2411 vgl.
375 2345 451 2398 llllll.
464 2349 504 2399 85.
535 2346 570 2398 So
582 2345 657 2398 ancht
669 2345 709 2396 Gi·
760 2346 898 2414 folgenden
911 2345 1016 2398 11111111
1030 2345 1087 2398 sind
1099 2346 1194 2398 beneito
1206 2344 1271 2398 xlx.

198 2429 255 2466 cero
274 2414 315 2465 die
335 2414 501 2466 wesentliche
513 2413 633 2466 tdentttst
647 2413 709 2466 oder
760 2417 792 2469 69
816 2415 854 2466 als
879 2413 1131 2480 gemeinschaftliehe
1154 2413 1270 2465 Frenode

197 2481 383 2548 Diesclhiglteit
395 2482 439 2533 der
447 2481 644 2534 Frenndcsliehe
657 2481 709 2544 (111-
760 2486 879 2550 genannt.

198 2551 293 2615 legere)
307 2550 353 2601 mit
365 2550 410 2601 der
421 2549 497 2602 Licha
510 2565 541 2602 an
554 2550 609 2602 sich
623 2551 708 2612 (1111-
793 2553 931 2616 acquiesco
950 2547 1018 2600 finde
1036 2549 1165 2614 Behageu.

196 2623 239 2682 re)
258 2617 446 2684 etymologisch
463 2618 667 2672 nachznweisen.
795 2619 823 2682 Q.
845 2617 1007 2668 litterano.-
1024 2616 1065 2668 Xl.
1084 2620 1125 2668 ut.

231 2688 352 2752 quaesita
370 2685 461 2751 gehdrt
478 2686 604 2738 nathrlich
617 2702 664 2738 nur
676 2702 707 2738 zu
792 2687 820 2736 P.
835 2684 938 2736 Rutilii.
957 2683 984 2736 P.
998 2684 1109 2736 Rutilius
1121 2684 1210 2750 Rufus
1229 2687 1272 2736 ua'a·

197 2755 330 2818 utilitate,
354 2755 404 2805 wie
422 2753 453 2807 N.
470 2753 499 2807 D.
517 2754 535 2806 l.
553 2757 594 2808 td.
616 2757 662 2807 122
681 2753 708 2804 in
758 2769 813 2804 nou
830 2753 932 2804 saeculi
946 2756 989 2804 sati
1000 2754 1047 2804 aed
1058 2757 1143 2804 omno
1155 2757 1214 2803 aeci
1227 2767 1272 2820 op-

199 2825 369 2874 hcminum
392 2825 492 2873 caritas
509 2827 535 2873 et
551 2825 708 2874 amicitia
759 2825 839 2872 umus
851 2821 926 2886 (Veli.
936 2820 964 2874 11.
977 2824 1014 2874 13.
1025 2823 1061 2886 1),
1074 2835 1127 2872 war
1139 2819 1272 2872 einSchh·

195 2894 321 2956 gratuitu
343 2895 382 2941 est
398 2890 443 2942 der
465 2889 548 2946 Genit.
571 2893 708 2942 hominum
759 2889 796 2942 ler
814 2889 859 2941 des
871 2889 991 2944 Pontifex
1003 2889 1031 2950 Q.
1049 2888 1148 2941 Mucius
1161 2887 1270 2941 Schrola

198 2973 245 3010 nur
263 2973 295 3008 zu
313 2961 422 3009 caritas.
758 2958 785 3008 in
808 2957 853 3009 der
874 2956 1173 3023 Rechtsgelehrsamkeit.
1208 2955 1271 3008 llas-

232 3028 291 3090 ipsa
313 3028 460 3088 deflorescit
486 3041 537 3078 von
564 3025 645 3078 selbst
671 3041 709 3078 er·
760 3025 832 3077 selhe
843 3025 906 3076 wird
918 3025 1031 3076 vondetn
1041 3028 1114 3076 sonat
1122 3025 1271 3076 unbekann-

198 3093 279 3144 hldht.
535 3127 538 3134 ,
760 3097 803 3145 ten
821 3093 850 3145 Α.
870 3092 1005 3172 Verginius
1023 3092 1170 3159 hehauptct.

197 3160 428 3295 ,stadtfeld
441 3159 709 3296 ,illlldlazllll
760 3159 1211 3294 ,titillatu{titul
1226 3160 1270 3280 lt

197 3297 295 3358 haben:
314 3295 366 3363 vgl.
385 3294 488 3356 referre
505 3297 545 3361 lll.
565 3300 606 3351 32.
760 3297 808 3347 wir
817 3295 872 3348 also
882 3295 952 3348 nicht
962 3296 1152 3363 hincinpassen.
1169 3296 1270 3414 Attinq·

234 3367 289 3418 lut.
307 3380 381 3415 aenea
401 3363 470 3415 illos.
504 3364 573 3416 Uber
596 3365 637 3417 die
655 3363 708 3416 drei
760 3363 856 3416 hausen
874 3364 900 3416 in
919 3363 1041 3416 Schillers
1060 3363 1179 3416 wilhelm
1197 3363 1268 3417 'l'elz

198 3436 283 3484 ersten
301 3445 332 3483 zu
349 3431 391 3486 vt.
405 3435 443 3485 21.
463 3430 491 3484 P.
505 3432 636 3486 Cornelius
655 3431 709 3484 Sei·
738 3489 739 3496 ,
760 3425 854 3484 ‘Andre
866 3432 955 3485 Zeiten
967 3432 1095 3498 hommen,
1113 3447 1142 3484 es
1153 3433 1208 3484 leht
1225 3433 1267 3485 ein

197 3498 241 3565 pio
253 3499 354 3564 Nasica,
366 3499 579 3568 Schwiegersohn
592 3499 709 3552 11111111-
759 3497 851 3552 audens
863 3500 1010 3552 deukeudes
1022 3499 1187 3553 Gaschlecht!
1207 3499 1269 3552 Was

197 3581 242 3617 ren
255 3566 397 3632 Africanus,
415 3568 511 3621 Gousul
525 3571 572 3620 tut
585 3567 637 3620 und
652 3571 708 3633 155,
760 3567 812 3619 thu’
835 3567 878 3620 ich
899 3569 970 3620 hier?
1006 3566 1048 3619 Sic
1066 3568 1124 3620 sind
1141 3569 1270 3634 hegrahen

198 3633 293 3686 Gensor
314 3637 368 3687 169.
401 3635 434 3687 Er
451 3636 495 3688 hat
513 3636 562 3688 den
580 3635 708 3688 ehreudeu
759 3635 821 3700 alle,
844 3635 892 3688 hlit
915 3636 998 3688 denen
1017 3635 1059 3687 ich
1077 3637 1200 3702 gewaltet
1216 3635 1269 3688 und

197 3701 336 3753 Beinamen
348 3703 489 3755 Corculum.
507 3703 564 3756 Tib.
572 3704 707 3768 Gracchus,
759 3703 854 3770 geleht.
889 3703 968 3758 Unter
980 3703 1024 3756 der
1037 3703 1102 3756 Grdo
1114 3705 1194 3756 sehon
1207 3704 1270 3770 liegt

198 3769 243 3822 der
260 3768 338 3822 Vater
355 3769 400 3822 des
418 3769 536 3824 Tiberius
553 3771 606 3824 und
623 3773 708 3838 Gajns,
759 3771 860 3824 maine
883 3772 952 3831 Zeita
971 3771 1048 3824 Wohl
1072 3771 1143 3837 dem,
1162 3772 1206 3824 der
1222 3771 1269 3824 mit

199 3837 295 3890 Gonsnl
315 3840 362 3890 l'l'l
380 3839 433 3889 nnd
453 3841 514 3903 163,
537 3839 633 3892 Censor
652 3841 707 3904 tou,
759 3839 804 3892 der
821 3855 926 3892 neuen
944 3839 1015 3892 nicht
1032 3840 1103 3892 mehr
1114 3840 1222 3892 brancht
1236 3855 1268 3892 zu

198 3921 252 3957 war
276 3903 321 3958 der
343 3903 562 3972 Schuiegervater
584 3907 629 3960 des
648 3910 709 3973 jhu-
759 3900 859 3959 lebent'
