2854 4522
208 250 248 312 30
673 249 814 306 bdllldllS.

208 427 314 491 nedcio
325 435 447 508 accepto
459 435 489 488 et
499 425 595 488 studio
610 432 766 505 perspecto
782 431 811 486 et
821 424 1036 486 consuetudine
1046 425 1198 488 adiuncta:
1214 425 1280 507 qui·

208 515 264 576 bus
284 512 429 575 rebusad
449 511 533 572 illum
557 509 687 591 primum
707 517 821 572 motum
848 509 939 572 animi
964 510 1122 572 clamoris
1142 510 1281 574 adhibitis

207 597 385 662 admirabilis
400 597 541 677 quaedam
560 593 722 657 exardescit
734 593 956 656 benevolentiae
976 595 1156 674 magnitudo.
1186 594 1280 666 Quam

207 684 231 746 si
247 682 298 765 qui
313 691 419 763 putant
432 681 468 744 ab
483 679 682 743 imbecillitate
697 679 854 760 proticisci,
869 690 902 742 ut
916 679 953 741 sit
968 698 1023 760 per
1039 699 1127 761 qoem
1142 699 1280 761 assequa-

207 778 257 832 tur
271 767 350 849 quod
366 767 490 848 quisque
505 765 666 841 desideret;
689 764 828 827 humilem
844 783 915 827 sane
928 764 1102 846 relinquunt
1116 775 1146 829 et
1159 765 1281 828 minimo

206 871 382 934 generosum
398 862 431 914 ut
445 853 485 914 ita
504 851 600 913 dicam
614 858 712 912 ortum
730 849 888 926 amicitiae,
910 868 998 931 quam
1019 869 1054 912 ex
1075 851 1176 933 iuopia
1190 859 1281 931 atque

206 938 366 1018 indigentia
378 945 476 1000 natam
491 936 601 998 volunt.
630 934 716 1007 Quod
731 935 756 997 si
770 935 811 998 ita
826 946 918 1010 esset;
934 943 967 996 ut
982 935 1108 1016 quisquc
1122 936 1280 998 minimum

206 1023 239 1086 in
253 1043 285 1086 se
299 1041 364 1085 esse
378 1022 584 1095 arbitraretur,
604 1021 645 1082 ita
659 1021 696 1083 ad
709 1019 866 1082 amicitiam
891 1029 968 1082 esset
986 1020 1165 1101 aptissimus.
1194 1020 1281 1092 Quod

154 1118 184 1168 co
205 1109 295 1188 louge
315 1126 402 1171 secus
423 1115 477 1170 est.
506 1106 544 1168 Ut
561 1105 641 1168 enim
657 1107 782 1187 quisque
796 1105 852 1168 sibi
867 1104 1028 1187 plurimum
1042 1107 1180 1181 contidit,
1203 1114 1233 1168 ct
1246 1114 1281 1169 ut

206 1195 331 1275 quisque
346 1191 471 1254 maxime
483 1191 591 1254 virtute
606 1200 635 1253 et
649 1190 793 1272 sapientia
807 1191 851 1252 sic
861 1191 993 1252 munitus
1007 1199 1052 1253 est
1066 1200 1099 1253 ut
1113 1191 1196 1254 nullo
1211 1209 1280 1270 ege·

205 1289 236 1342 at
249 1296 360 1358 suaque
375 1278 474 1339 omnia
494 1277 526 1340 in
541 1296 573 1338 se
591 1277 656 1358 ipso
678 1276 774 1358 posita
787 1275 911 1351 iudicet;
934 1276 973 1338 ita
988 1275 1020 1338 in
1040 1277 1175 1339 amicitiis
1190 1295 1279 1357 expe·

205 1363 302 1426 tendis
316 1361 508 1442 colendisque
522 1361 782 1424 marimeeroellit.
813 1359 889 1432 Quid
904 1357 1006 1423 enim?
1036 1362 1192 1424 Africanus
1201 1361 1279 1424 indi·

206 1467 280 1529 gens
301 1445 382 1509 mei?
418 1446 539 1509 Minime
560 1447 674 1516 hercle,
696 1465 731 1508 ae
754 1465 793 1507 ne
814 1464 868 1526 ego
892 1447 1011 1527 quidem
1032 1445 1127 1508 illius:
1149 1447 1201 1515 scd
1223 1464 1280 1525 ego

205 1533 397 1596 admiratione
413 1533 537 1613 quadam
551 1532 666 1594 virtutis
680 1532 760 1606 eius,
781 1530 832 1593 ille
850 1530 978 1593 vicisdm
999 1531 1141 1611 opinione
1156 1533 1280 1594 fortasse

205 1617 350 1684 nonnulla
366 1619 505 1698 quamde
526 1617 600 1680 meis
614 1617 748 1680 moribus
769 1615 896 1679 babebat
916 1635 964 1677 me
985 1615 1094 1678 dilexit.
1124 1618 1214 1679 duxit
1226 1616 1279 1678 be·

205 1703 402 1766 uerolentiam
417 1702 618 1778 consuetud03
641 1704 693 1765 sed
708 1719 876 1784 quanquam
896 1700 1036 1762 utilitates
1049 1702 1159 1765 multae
1173 1711 1204 1764 et
1217 1719 1279 1763 ma·

206 1807 281 1870 gnae
295 1796 473 1851 consecutae
487 1797 573 1864 suot,
589 1806 650 1850 non
665 1796 735 1850 sunt
750 1795 845 1849 tamen
860 1785 897 1848 ab
912 1804 1013 1848 earum
1026 1805 1080 1868 spe
1094 1806 1199 1850 causae
1212 1786 1280 1850 dili·

153 1879 181 1930 at
204 1875 293 1954 geudi
316 1874 475 1955 proiectae.
513 1873 552 1936 Ut
573 1873 652 1935 enim
674 1871 799 1936 benefici
824 1869 1019 1952 liberalesque
1040 1891 1143 1936 sumtus
1163 1891 1225 1935 uon
1246 1880 1280 1934 ut

205 1960 355 2039 exigamus
366 1961 489 2039 gratiam
500 1962 609 2041 (neque
620 1959 700 2021 enim
714 1956 890 2020 beneficium
905 1957 1094 2035 feneramur),
1109 1959 1160 2020 sed
1175 1966 1281 2020 natura

238 2095 436 2143 memmonicos·
447 2091 585 2155 (Eindruck
599 2091 718 2145 desller·
767 2105 839 2142 meu:
864 2090 919 2142 also
941 2088 1032 2156 keiue,
1055 2091 1118 2144 oder
1139 2091 1280 2144 hochstcns

204 2161 276 2224 aena)
293 2159 369 2211 weiot
387 2159 433 2211 aul
446 2163 471 2210 aa·
482 2162 568 2210 noima·
579 2161 716 2211 bominum
768 2159 825 2210 elue
844 2158 993 2210 scheiobare
1010 2158 1280 2225 Ausuabmestelluug.

203 2231 363 2278 moveantur
379 2226 483 2291 surdelt,
502 2233 528 2278 et
544 2231 644 2278 amoro'e
659 2227 716 2280 tritt
802 2225 1280 2280 coloramnicita‘omderllreundscbalt

204 2293 716 2361 alseiuellrweiteruogundllrginauog
767 2293 851 2346 leben.
869 2293 1100 2362 duehwirsageu:
1111 2294 1280 2348 einVerbdlt·

204 2364 290 2416 biuzu.
767 2361 808 2414 nis
827 2361 971 2416 cultiviren.

238 2430 407 2482 admirabilia
431 2431 562 2496 quaedam
579 2429 717 2482 tricolim
800 2430 848 2480 aad
865 2444 922 2494 ego.
955 2429 1048 2483 Hiercu
1064 2431 1099 2482 ist
1116 2446 1162 2482 aus
1179 2446 1222 2482 mc
1238 2431 1279 2482 di-

204 2499 314 2565 quidam
330 2497 358 2552 ll.
377 2501 401 2552 6.
767 2497 836 2548 lacit
847 2496 906 2561 (bat.
913 2497 982 2548 mich
994 2497 1045 2548 lieb
1056 2501 1211 2564 gewonnen)
1223 2514 1280 2551 was

233 2583 286 2632 por
297 2581 375 2632 qoem
386 2569 546 2632 coaequatur
558 2565 630 2630 qood
646 2568 716 2630 quia-
766 2581 798 2617 au
807 2564 978 2616 eutnebmeu?
990 2563 1049 2631 Vgl.
1059 2565 1123 2632 Nep.
1133 2563 1224 2619 Tbem.
1235 2566 1279 2621 lll.

204 2650 256 2700 que
272 2633 344 2685 nicht
356 2649 408 2700 per
426 2649 502 2700 qoam
520 2636 630 2699 quiaque
647 2650 716 2684 aare·
767 2635 795 2685 3:
812 2636 954 2699 postquam
972 2636 1002 2683 in
1020 2638 1078 2685 tcto
1095 2637 1165 2700 ipsc,
1189 2639 1217 2685 ot
1231 2634 1280 2685 illo

202 2707 303 2769 quatur
316 2703 394 2768 quod.
416 2701 668 2768 Qabquahatseine
680 2701 716 2754 ei·
765 2703 795 2752 io
809 2699 932 2767 periculo
951 2717 1005 2752 ease
1023 2704 1119 2769 eoepit.

203 2769 741 2837 geutbr‘rmlicbeStelle,wieaucbgleicb·
799 2766 1278 2840 oirtotr'aeimrvql.rr'2edqar32cllom.

203 2839 315 2891 uachher
331 2839 384 2891 und
395 2837 460 2892 xvl.
477 2841 518 2904 56,
536 2838 571 2890 im
588 2839 715 2891 relativeu
766 2835 812 2890 0d.
822 2837 850 2889 ll.
860 2839 918 2891 206.
943 2837 1044 2891 nouere
1053 2837 1182 2906 Beispiele
1194 2837 1277 2890 zulll.

203 2907 373 2960 Nebeneatze.
410 2907 482 2960 Docb
505 2907 575 2959 steht
597 2921 625 2959 cs
649 2907 714 2959 auch
765 2908 797 2958 37
816 2905 890 2956 a'lb'us
905 2904 1020 2966 furoris.

203 2974 322 3041 doppelt:
348 2976 421 3040 quod
437 2978 532 3041 eoique
549 2977 661 3041 obb'git,
684 2976 716 3026 id
792 2973 1278 3040 opinionenoonullodurcbeinenicht

203 3045 315 3108 quisquo
332 3047 427 3094 teneat.
445 3041 493 3098 off.
511 3042 528 3096 l.
548 3046 572 3096 ⁵1.
591 3045 631 3096 21.
765 3056 829 3108 ganz
847 3041 1003 3108 ungrinstiqe
1020 3041 1149 3108 Meinung.
1170 3042 1276 3094 litotes.

236 3111 346 3160 minime
360 3126 521 3175 generosum
546 3116 634 3162 ortum
657 3111 715 3163 eine
799 3109 1277 3175 multooetmagnoe.1lurchdasbei-

203 3178 288 3230 uicbts
306 3178 420 3244 ueniger
437 3178 476 3230 als
494 3178 552 3230 edle
563 3173 715 3232 ‘Ablruolt‘.
766 3176 894 3230 ordnende
912 3181 938 3227 et
954 3177 1083 3230 ersebeiut
1100 3177 1145 3230 der
1157 3178 1214 3230 eine
1228 3175 1277 3229 Re·

237 3263 272 3298 eo
281 3247 627 3312 inopmotqueindigentia.
638 3247 716 3300 Nicbt
765 3243 826 3312 grid
835 3259 864 3297 so
878 3245 1031 3298 wesentlicb
1043 3245 1096 3299 und
1113 3245 1220 3312 wicbtig
1237 3244 1276 3297 als

203 3313 716 3368 alsobdielueundseuattzweimutter
765 3312 1277 3379 derandere,uuddiesetlleicbstelluuq

203 3384 287 3438 buben
299 3383 384 3448 sollte,
396 3381 506 3436 sondern
517 3381 593 3434 beide
604 3381 716 3449 Begrille
765 3381 811 3434 des
821 3378 922 3432 mutem
933 3382 981 3434 mit
994 3382 1051 3435 dem
1064 3381 1174 3434 anderen
1183 3381 1277 3444 Adjec-

204 3455 329 3517 ergiuzcn
352 3451 407 3504 sich
425 3449 585 3518 geqenseitig
601 3466 634 3502 au
654 3449 713 3503 dem
764 3449 846 3502 tivum
863 3449 897 3502 ist
914 3449 950 3502 im
967 3449 1144 3502 lateinischen
1162 3465 1187 3502 u.
1205 3448 1277 3500 Gric-

203 3519 248 3572 der
269 3520 412 3572 iuleersten
428 3517 618 3584 Huldosiqlreit.
652 3517 713 3570 blan
764 3517 885 3570 cbiocbcu
903 3517 950 3571 das
967 3516 1185 3570 Gewobulichere.

203 3586 270 3640 eicbt
287 3585 351 3650 also,
369 3587 415 3640 das
426 3587 485 3640 llild
497 3601 550 3640 rou
562 3586 607 3639 der
618 3584 713 3639 blutter
799 3589 924 3652 comaque·
934 3601 987 3638 von
998 3585 1064 3653 dero,
1078 3599 1133 3638 was
1145 3584 1277 3638 unmittel·
1310 3625 1312 3631 .

202 3655 237 3708 iot
254 3653 321 3706 docb
338 3655 409 3708 nicbt
427 3660 515 3723 atrcug
532 3654 712 3722 lestgebalten.
763 3654 809 3706 bar
826 3653 879 3707 und
896 3654 943 3706 mit
960 3653 1030 3706 einer
1048 3654 1178 3720 geuiseen
1194 3653 1277 3706 Noth-

236 3724 376 3773 minimum
384 3718 712 3791 dieweuigelellralt.Vgl.
764 3721 922 3789 weudiglreit
939 3720 1013 3788 lolgt.

201 3789 264 3844 lllll.
275 3792 317 3843 46.
798 3793 840 3844 31.
855 3793 997 3856 emebamus
1007 3819 1030 3828 -
1040 3788 1206 3852 [moramur.
1229 3787 1276 3840 bie

237 3861 278 3913 30.
298 3860 409 3924 quiaque
424 3860 476 3910 cibi
492 3860 563 3912 steht
579 3874 649 3912 zuar
668 3873 714 3911 zu·
763 3857 915 3926 trappauteu
926 3857 979 3910 uad
991 3855 1276 3940 gebbosiqenBeaeicb·

203 3941 325 3993 emmer,
342 3925 403 3978 aber
419 3926 511 3993 gehort
528 3927 599 3980 nicht
614 3941 713 3982 rusam·
763 3921 1032 3992 nungen‘eintreiben’
1042 3925 1095 3979 uud
1114 3924 1276 3979 auqucber
