2854 4522
215 258 256 317 44
682 258 824 316 LdEhlUS.

216 432 393 495 abundantia
410 429 527 494 virere?
549 431 627 493 llaec
643 432 720 493 enim
737 440 779 492 est
795 442 987 511 tyrannorum
1002 431 1059 492 vita
1075 431 1233 508 nimirum,
1255 433 1287 494 in

217 537 273 599 qua
295 517 375 579 nulla
395 518 467 580 fides
488 516 568 578 nulle
593 517 697 578 caritas
718 515 798 578 nulla
819 516 931 578 stabilis
951 515 1173 578 benevolentiae
1192 525 1291 598 potest

212 622 280 676 esse
294 602 415 664 fiducia:
432 603 530 664 omnia
545 621 662 683 semper
676 611 811 682 suspecta
827 611 915 682 atque
930 601 1071 676 sollicito,
1091 601 1191 663 nullus
1205 602 1291 664 locus

164 699 192 748 53
215 688 367 750 amicitiae.
398 686 470 758 Quis
485 687 563 748 enim
579 699 630 748 aut
648 706 714 748 eum
738 687 838 765 diligat
860 705 948 766 quem
970 694 1095 760 metuat,
1117 697 1167 747 aut
1190 705 1290 750 cuma

217 792 276 854 quc
288 774 416 834 semetui
425 769 531 852 putet‘l
551 771 799 834 Colunturtamen
808 771 1003 845 simulatione,
1015 771 1162 833 dumtaxat
1168 773 1204 833 ad
1213 781 1290 834 tem·

215 877 281 938 pus
311 856 396 928 Quod
411 857 435 918 si
450 857 525 918 torte
538 891 581 902 -
595 866 629 918 ut
642 858 675 917 m
689 857 864 937 plerumque
874 890 917 902 -
928 857 1107 931 ceciderunt,
1122 866 1184 918 tum
1199 857 1289 918 intel·

215 943 316 1022 ligitur
331 961 418 1023 quam
434 942 545 1003 luerint
558 942 664 1022 inopes
678 942 857 1004 amicorum:
875 942 953 1022 quod
969 940 1162 1021 Tarquinium
1182 942 1291 1004 dixisse

216 1028 325 1103 lerunt,
340 1037 401 1089 tum
415 1027 594 1089 exsulantem
606 1046 637 1088 se
652 1026 829 1089 intellexisse
841 1045 916 1107 quos
931 1027 1006 1089 lidos
1017 1027 1127 1100 amicos
1139 1027 1290 1090 habuisset

165 1123 193 1172 54
215 1131 294 1193 quos
304 1113 421 1188 infidos,
437 1131 504 1173 cum
519 1113 576 1173 iam
592 1112 705 1174 neutris
714 1113 835 1190 gratiam
850 1112 960 1173 relerre
975 1119 1084 1192 posset.
1115 1110 1289 1193 Quanquam

215 1197 317 1273 miror,
332 1197 380 1260 illa
396 1197 531 1277 superbia
552 1206 581 1258 et
595 1197 835 1278 importunitate,
857 1197 882 1258 si
898 1215 1073 1277 quemquam
1096 1197 1221 1259 amicum
1236 1200 1289 1260 lra-

215 1281 285 1343 here
302 1283 406 1362 potuit.
436 1284 532 1362 Atque
547 1291 581 1344 ut
594 1281 693 1357 huius,
708 1301 796 1362 quem
811 1283 881 1357 dixi,
899 1301 998 1344 mores
1012 1301 1096 1343 veros
1110 1283 1221 1345 amieos
1235 1301 1288 1364 pa·

215 1386 279 1428 rare
296 1386 356 1427 non
369 1377 547 1448 potuerunt;
563 1367 606 1428 sic
620 1367 780 1428 multorum
796 1386 869 1448 opes
882 1367 1118 1448 praepotentium
1130 1368 1290 1430 excludunt

215 1451 357 1514 amicitias
377 1451 486 1513 fideles.
515 1451 581 1513 Non
604 1452 683 1513 enim
706 1452 802 1513 solum
823 1453 887 1532 ipsa
908 1453 1037 1514 Fortuna
1057 1471 1141 1514 caeca
1157 1462 1216 1527 est,
1237 1453 1288 1514 sed

216 1555 267 1598 eos
288 1537 373 1599 etiam
396 1536 570 1618 plerumque
591 1537 680 1598 elficit
701 1555 804 1598 caecos
825 1555 901 1617 quos
925 1537 1075 1618 complexa
1098 1545 1150 1599 est.
1186 1538 1289 1618 ltaque

216 1622 379 1684 elleruntur
393 1623 455 1682 lere
470 1622 584 1683 lastidio
607 1631 636 1684 et
650 1622 850 1695 contumacia,
873 1641 928 1682 nec
951 1623 1109 1702 quidquam
1130 1623 1289 1704 insipiente

215 1706 364 1770 fortunato
387 1705 599 1769 intolerabilius
621 1707 684 1768 fieri
705 1716 812 1788 potest.
849 1708 947 1787 Atque
971 1708 1029 1769 hoc
1051 1707 1169 1787 quidem
1191 1708 1289 1769 ridere

250 1893 378 1941 nimirem
396 1891 430 1943 ist
448 1908 499 1944 ron
517 1891 619 1958 einiger
633 1891 726 1944 11111111-
777 1890 911 1958 gehenden
929 1889 1028 1956 Samos,
1046 1890 1098 1943 und
1116 1891 1197 1943 erhalt
1218 1892 1288 1942 seine

215 1957 267 2010 lich
284 1974 342 2010 zum
360 1959 507 2025 Fulgenden
525 1974 654 2026 gangen,
674 1976 725 2012 von
776 1959 926 2026 Epexegese
944 1958 1024 2010 durch
1041 1964 1098 2010 tom
1123 1959 1289 2010 esculanum

216 2026 310 2078 andem
333 2026 502 2080 heenstandet
524 2027 642 2090 worden;
666 2027 726 2080 aher
776 2019 851 2092 ‘jetzt
868 2027 964 2088 erstin
977 2025 1022 2078 der
1033 2021 1222 2094 Verbannung’.
1252 2027 1288 2080 Zu

216 2093 308 2159 gerade
317 2093 364 2145 des
373 2094 494 2160 Gewaqte
506 2093 726 2162 derBehauptung
777 2100 833 2146 tum
843 2095 899 2148 tritt
908 2094 1003 2146 wieder
1014 2094 1180 2146 exsulantem
1193 2095 1230 2147 ala
1239 2095 1289 2162 Ep-

215 2161 277 2214 l'atst
301 2161 357 2212 eine
382 2178 410 2214 so
435 2162 646 2215 zuversichtliehe
664 2163 726 2214 Ver·
777 2178 898 2229 exegese:
917 2163 1019 2214 ahnlioh
1035 2167 1090 2213 tum
1102 2166 1289 2229 quoqoeinter

216 2229 351 2294 sicherung
360 2229 419 2280 sehr
428 2229 554 2281 natdrlieh
567 2231 723 2283 erscheineu.
778 2236 867 2283 tantos
883 2230 1012 2293 fortunae
1028 2234 1114 2282 minae
1129 2231 1182 2286 Liv.
1199 2231 1227 2284 ll.
1249 2235 1287 2284 ta.

249 2296 353 2348 stabiles
370 2296 440 2348 nicht
458 2313 490 2349 zu
507 2297 626 2360 fiducia:
643 2298 723 2364 vergi.
777 2302 802 2362 8,
819 2302 874 2350 tam
893 2304 948 2350 tum
965 2300 1020 2350 etta
1045 2302 1206 2366 temporibus
1223 2299 1287 2366 Nep.

215 2365 348 2416 stabilitas
365 2367 499 2416 amicitiae
517 2365 591 2420 Xllll.
611 2369 651 2420 82.
776 2366 866 2420 Thras,
885 2367 913 2420 ll.
931 2371 960 2432 4,
977 2364 1040 2419 τότε
1057 2359 1087 2437 γ’
1107 2363 1211 2419 ἐσθλὸν
1228 2361 1288 2420 ἄνε-

251 2435 339 2483 omnia
363 2449 465 2500 semper
487 2433 557 2485 nicht
575 2450 607 2486 zu
624 2439 654 2485 tn
671 2451 725 2499 qua
776 2433 844 2503 ψιὸν
861 2433 1016 2504 ἐξεναρίξας
1027 2435 1098 2488 llom.
1110 2435 1138 2487 ll.
1151 2435 1215 2490 XVl.
1229 2438 1287 2489 ete.

215 2501 304 2566 nulla,
328 2501 437 2553 scudem
463 2501 569 2568 parallel
591 2502 637 2554 mit
654 2503 726 2554 Haec
808 2507 929 2568 gratiam
941 2501 1043 2562 referre
1054 2502 1102 2554 den
1115 2501 1188 2553 Danlr
1204 2503 1289 2555 abtra-

216 2572 286 2620 entm
303 2573 356 2632 eet;
379 2569 437 2620 dem
459 2572 489 2620 in
507 2586 559 2634 quo
577 2571 652 2622 nulla
670 2575 726 2622 ent·
777 2584 840 2690 qen,
862 2570 902 2622 ldr
920 2569 999 2622 Gutes
1016 2587 1041 2621 u.
1059 2568 1148 2621 Bdses.
1185 2569 1242 2636 Vgl.
1261 2587 1287 2638 p.

215 2635 313 2705 spricht
330 2635 397 2688 dunu
414 2637 505 2688 nullae
522 2637 603 2690 toene.
797 2638 849 2690 ulla
866 2636 931 2690 llVl.
944 2640 992 2689 47:
1010 2653 1083 2688 nunc
1101 2642 1185 2688 tecum
1203 2641 1242 2689 etc
1260 2655 1288 2689 a·
1397 2669 1399 2676 ·

250 2707 291 2758 te.
310 2709 404 2756 menen.
418 2704 492 2757 Sinn:
511 2704 669 2760 Gleichwohl
687 2722 725 2758 er·
773 2721 853 2772 gam,
877 2705 969 2756 tulisse
991 2709 1022 2755 ut
1041 2708 1134 2772 potine
1156 2708 1288 2758 iniuriam

215 2772 303 2825 lreueu
321 2771 375 2824 sich
393 2773 475 2842 selhst
492 2773 563 2828 diese
581 2775 726 2828 1111111111-
777 2789 856 2840 qoam
873 2773 995 2824 retulere
1005 2776 1130 2855 gratim
1148 2775 1250 2826 videar.

215 2857 260 2892 ren
271 2840 380 2893 Zeichen
399 2841 444 2893 der
456 2842 648 2911 Freaudschalt,
666 2843 726 2895 lrei-
812 2845 851 2894 st.
869 2841 918 2892 uta
939 2841 981 2893 hei
1020 2841 1104 2894 seiner
1126 2838 1285 2894 hehanuten'

214 2909 266 2960 lich
284 2909 436 2972 (temneat
446 2936 480 2956 ε
492 2911 556 2962 dum
569 2916 648 2964 taeot
657 2915 725 2978 poia,
776 2908 1227 2973 llollartundSchrollheit,umteum
1237 2911 1286 2976 εἰς.

214 2991 291 3028 wenn
303 2981 382 3029 mau's
395 2993 478 3044 genau
490 2979 590 3044 nimml)
603 2996 650 3032 nur
668 2980 725 3031 elue
775 2978 939 3046 Apposition.

215 3043 271 3095 zeta
287 3043 356 3109 lang.
808 3048 1022 3113 praepotentium
1046 3044 1215 3098 motivirende
1234 3045 1287 3112 Ap-

250 3111 361 3176 Quodsi
373 3112 442 3164 steht
453 3114 508 3167 hier
522 3115 548 3166 in
566 3115 624 3166 dem
637 3112 724 3180 Sinne,
776 3113 903 3181 position:
921 3112 973 3178 vgl.
993 3113 1055 3164 deos
1072 3112 1110 3166 111.
1132 3115 1169 3166 ta.

215 3179 375 3232 inwelchem
385 3178 725 3247 Neuereoltquodetentm
811 3181 950 3247 compleam
975 3181 1062 3232 estin
1088 3180 1129 3234 die
1146 3181 1222 3234 Arme
1244 3196 1288 3248 ge-

216 3252 312 3300 selaeu.
347 3245 435 3300 Dieses
459 3250 493 3300 ist
514 3251 575 3302 aber
593 3266 621 3304 so
640 3251 726 3316 weuig
776 3248 970 3301 schlosseuhat.
982 3249 1286 3316 lmeiqentlichensinne

215 3315 350 3368 lateiniseh
363 3315 401 3368 als
414 3318 485 3398 quod
492 3321 520 3399 fa·
530 3335 601 3385 uero,
620 3318 727 3398 qood-rt
776 3315 828 3369 und
840 3316 1043 3396 mitmalicidser
1053 3317 1287 3396 Neheuheziehung

216 3383 726 3506 ttmtetststmttuttntat
777 3383 1287 3506 111111111111111111111111

217 3520 289 3584 quod
312 3520 442 3572 euthalten
468 3521 525 3574 siud
548 3521 609 3584 oder
630 3522 727 3588 1111113-
779 3521 963 3588 decomptores
975 3523 1148 3572 duaaeetnu
1165 3526 1285 3586 genennt.

216 3592 288 3638 stens
296 3587 405 3640 mittelst
414 3588 549 3642 desselben
560 3595 727 3642 ersetztwer-
811 3588 953 3650 renouato
970 3589 1051 3642 subet.
1069 3587 1225 3656 Gluclrepilz.

216 3654 273 3708 den.
811 3657 875 3720 fieri
897 3673 925 3710 es
948 3657 1016 3710 kann
1039 3671 1085 3743 qar
1107 3656 1191 3709 nichts
1208 3655 1288 3709 Uner-

188 3727 190 3735 '
251 3722 406 3774 oeciderunt
430 3723 475 3776 das
499 3725 648 3792 Gegentheil
674 3741 726 3778 ron
777 3726 941 3792 traglicheres
958 3718 1067 3791 ‘geben

216 3795 289 3841 stare
306 3789 440 3844 leststehu,
461 3811 464 3818 ¹
811 3793 902 3845 videre
919 3792 994 3844 weist
1011 3793 1057 3848 mit
1074 3793 1144 3846 einer
1158 3792 1285 3858 gewissen

251 3858 324 3924 qued
345 3857 411 3923 (dies
434 3859 483 3911 soll
505 3861 580 3924 auch)
603 3861 665 3928 geht
682 3861 728 3914 aul
776 3861 904 3928 Emphase
927 3859 971 3913 aul
994 3861 1050 3913 eine
1068 3861 1210 3926 llrlahrung
1233 3861 1287 3926 hin,

217 3927 267 3978 den
285 3926 453 3993 allgemeinen
471 3927 553 3980 lnhalt
567 3929 612 3981 des
623 3929 727 3982 rorher-
777 3929 818 3981 die
832 3928 906 3994 jeder
923 3928 1005 3982 selbst
1021 3929 1128 3982 macheu
1144 3927 1221 3982 kann.
