2854 4522
203 234 243 298 28
669 237 811 292 MELIUS.

203 412 282 491 quod
298 411 363 492 quis
378 411 477 473 minus
498 430 551 492 per
572 430 603 473 se
618 411 682 492 ipse
703 420 819 492 posset,
840 411 869 474 id
891 411 1037 492 acciperet
1058 411 1093 473 ab
1108 411 1165 473 alio
1186 412 1273 476 vicis-

203 497 317 577 simque
332 496 481 558 redderct:
503 515 540 558 an
556 505 633 558 essct
646 499 703 558 hoc
723 496 841 576 quidem
864 499 1018 578 proprium
1039 497 1201 572 amicitiae,
1222 499 1274 560 sed

111 655 118 664 ι
203 581 351 661 antiquior
366 589 395 643 et
409 580 561 662 pulchrior
577 591 606 642 ct
618 581 711 660 magis
726 601 743 643 a
763 590 865 643 natura
880 582 944 663 ipsa
959 582 1090 662 prolecta
1106 582 1161 644 clia
1177 601 1273 646 causa.

203 667 294 727 Amor
308 667 404 739 enim,
420 685 454 727 ex
470 685 528 747 quo
543 667 668 728 amicitia
684 667 833 742 nominata
848 677 902 740 est,
918 667 1058 748 princeps
1073 671 1167 729 estad
1183 669 1274 730 bene·

175 805 178 810 .
203 751 359 814 volentiam
370 751 617 831 coniungendam.
646 751 720 812 Nam
731 751 870 813 utilitates
882 753 1000 832 quidem
1014 753 1099 814 etiam
1110 751 1147 814 ab
1158 753 1195 814 iis
1205 771 1274 834 per-

202 836 353 917 cipiantur
369 855 471 917 saepe,
495 837 546 916 qui
561 837 746 898 simulatione
760 837 903 899 amicitiae
918 838 1057 900 coluntur
1072 847 1101 899 et
1115 836 1274 900 observan-

201 930 250 984 tur
270 921 411 1002 temporis
433 940 534 996 causa;
560 922 592 983 in
621 921 747 982 amicitia
771 930 869 983 autem
891 921 965 983 nihil
991 923 1173 997 nummosi,
1200 923 1274 985 nihil

150 1017 179 1068 ιτ
201 1006 385 1081 simmatum,
408 1014 435 1067 ct
450 1006 591 1086 quidquid
606 1015 667 1082 est,
687 1007 777 1069 idest
799 1025 900 1069 verum
915 1016 944 1069 et
958 1007 1165 1070 voluntarium.
1195 1007 1274 1080 Qua-

202 1100 323 1172 propter
344 1111 360 1153 a
382 1099 487 1152 natura
501 1091 572 1152 mihi
593 1091 708 1154 ridetur
727 1092 843 1173 potius,
866 1111 952 1172 quam
973 1093 1009 1154 ab
1025 1093 1186 1173 indigentia
1212 1101 1276 1156 ortu

202 1177 344 1238 amicitia:
366 1175 562 1256 applicatione
582 1177 675 1257 magis
697 1177 788 1240 animi
809 1195 877 1240 cum
898 1177 1024 1258 quodam
1043 1197 1133 1240 sensu
1148 1180 1275 1253 amandip

203 1278 291 1341 quam
305 1261 483 1340 cogitatione
498 1270 641 1342 quantum
656 1262 705 1324 illa
719 1282 768 1324 res
778 1263 913 1324 utilitatis
928 1272 1005 1324 esset
1015 1263 1159 1325 habitura.
1189 1263 1275 1336 Quod

202 1345 320 1426 quidem
336 1345 421 1425 quale
436 1347 483 1421 sit,
498 1348 584 1408 etiam
599 1347 630 1408 in
646 1347 748 1409 bestiis
763 1347 937 1428 quibusdam
955 1349 1144 1410 animadverti
1160 1358 1273 1430 potest:

202 1449 277 1510 quac
298 1449 333 1492 ex
355 1449 386 1491 se
408 1440 493 1492 natos
514 1432 554 1494 ita
575 1441 674 1496 amant
693 1433 729 1494 ad
752 1434 899 1512 quoddam
920 1441 1038 1514 tempus
1063 1442 1093 1494 et
1113 1434 1149 1496 ab
1172 1434 1214 1495 eis
1236 1435 1276 1496 ita

201 1523 347 1589 amantur,
363 1524 396 1576 ut
407 1516 491 1578 lacile
502 1535 602 1578 earum
617 1536 723 1579 sensus
733 1527 881 1598 appareat.
911 1516 996 1588 Quod
1007 1519 1038 1579 in
1050 1520 1170 1580 homine
1180 1519 1275 1581 multo
1328 1584 1332 1592 ,

202 1609 246 1662 est
266 1600 444 1662 evidentius:
471 1603 599 1682 primum
620 1621 656 1663 cx
679 1622 712 1664 ea
733 1602 852 1663 caritate
873 1621 948 1682 quae
973 1613 1017 1664 est
1041 1604 1118 1664 inter
1141 1613 1226 1666 natos
1246 1615 1276 1666 et

202 1694 353 1766 parentes,
374 1704 449 1766 quac
463 1687 560 1748 dirimi
575 1687 632 1748 nisi
647 1686 810 1750 detestabili
832 1687 943 1748 scelere
963 1706 1025 1749 ncn
1040 1697 1152 1769 potest;
1169 1689 1276 1751 deinde

202 1820 231 1858 so
249 1803 280 1856 V.
297 1806 329 1856 19
347 1805 494 1869 acqualiter
512 1806 563 1871 (liin
580 1807 712 1872 aequitas)
764 1807 870 1856 cadone
878 1804 930 1856 und
940 1808 1102 1871 cogitatione
1112 1806 1169 1858 sind
1179 1823 1222 1858 zur
1231 1808 1276 1858 nit-

201 1872 285 1925 neben
303 1873 460 1924 liberalitas.
540 1905 542 1910 -
763 1874 841 1925 heren
853 1872 996 1939 Erklfirung
1011 1874 1192 1941 hinzugelrlgt:
1209 1869 1276 1926 ‘ver-

235 1945 323 2006 porret
347 1940 462 2006 leistete‚
489 1942 559 1994 nicht
582 1942 634 1994 viel
657 1957 714 1994 ver·
763 1935 845 2007 moge’
865 1941 935 1994 einer
951 1942 1157 2008 Auschlielsung,
1178 1936 1273 1996 ‘durch’

202 2008 322 2060 schieden
339 2023 390 2060 von
402 2011 518 2060 tuomet.
552 2009 602 2062 Das
615 2010 714 2076 Gegen-
764 2009 814 2061 den
830 2009 977 2062 Godanken.

203 2076 265 2127 theil
289 2076 323 2126 ist
344 2075 384 2127 lll.
409 2079 441 2128 29
465 2077 611 2128 desideret:
638 2094 712 2130 wozu
798 2077 847 2129 illa
864 2094 907 2128 ree
931 2077 1001 2129 nicht
1020 2077 1145 2144 geredezu
1162 2093 1214 2130 von
1232 2079 1277 2131 der

202 2144 267 2194 eben
286 2158 315 2194 so
333 2143 419 2208 wenig
442 2144 484 2196 ein
502 2149 607 2210 assequi
623 2146 713 2198 hinzu—
762 2145 962 2212 Freundschalt,
984 2145 1094 2198 sondern
1113 2144 1277 2212 allgemeiner

202 2209 336 2262 zudenken
347 2210 390 2276 ist,
408 2211 446 2263 als
458 2212 514 2264 hier
530 2229 561 2264 zu
571 2219 661 2280 poscet
671 2213 714 2266 ein
764 2229 825 2266 vom
844 2213 987 2267 Schliclsen
1005 2213 1051 2266 des
1068 2213 1277 2268 Frcundschalts-

202 2294 342 2397 erasmo
360 2346 405 2398 het
418 2347 505 2399 seinen
518 2346 660 2414 Gegensatz
678 2349 714 2400 im
764 2281 878 2414 bubuleos&
894 2351 1001 2416 quidem
1016 2343 1084 2400 ‘Wie
1109 2364 1137 2401 es
1161 2350 1216 2402 sich
1233 2350 1278 2417 da-

201 2413 449 2480 Vorhergehenden,
476 2419 609 2482 acciperet
631 2417 714 2470 erhilt
764 2417 812 2468 mit
828 2447 863 2456 —
880 2419 927 2468 mit
939 2417 996 2469 dero
1014 2417 1277 2484 vonmirbehaupte·

201 2483 246 2534 ilm
264 2483 299 2534 im
316 2482 471 2548 Folgerlden.
765 2489 808 2536 ten
827 2485 985 2536 natdrliclren
998 2484 1278 2538 Frcundschaltstriebe

236 2567 272 2601 aa
292 2550 340 2602 mit
358 2551 402 2602 der
418 2550 581 2618 Hinneigung
603 2567 648 2604 zur
665 2551 714 2605 Be·
765 2581 798 2590 -
821 2547 937 2604 verhilt'.
972 2551 1026 2604 Aul
1047 2551 1088 2602 ein
1115 2552 1277 2606 bestimmtes

198 2617 307 2684 J'alrung,
324 2611 395 2670 ‘oder
413 2619 447 2670 ob
465 2614 552 2672 nicht’.
764 2619 839 2672 Wort
857 2620 933 2672 weist
951 2619 1035 2672 dieses
1054 2620 1126 2685 quod
1142 2635 1172 2672 so
1189 2621 1277 2688 wenig

234 2688 375 2753 proprium
409 2687 451 2738 eiu
485 2687 714 2754 cigenthdmliclrer
765 2689 803 2740 als
820 2687 869 2739 illc
885 2705 929 2739 rer
945 2686 1049 2742 zuruclr.

202 2748 331 2819 ‘Vorzug'.
799 2756 877 2820 Quod
897 2760 927 2808 ιἰι
949 2758 1064 2808 domine.
1097 2754 1188 2808 llieses
1205 2758 1278 2822 quod

236 2825 356 2874 amicitia
396 2823 601 2891 etymologisch,
645 2828 713 2876 etwa
764 2823 833 2876 lrenn
851 2825 922 2877 nicht
939 2824 985 2877 aul
1000 2823 1144 2876 denlnhnlt
1157 2824 1277 2876 desletz-

201 2882 424 2944 ‘l'reundeslicbe'.
766 2895 808 2944 ten
821 2891 911 2945 Satzes
929 2893 1012 2958 gelren
1029 2895 1113 2957 (scnst
1130 2891 1218 2945 winde
1235 2891 1276 2945 dic

236 2958 273 3007 ad
304 2959 513 3010 benevolentiam
548 2959 713 3024 conjungen·
763 2960 841 3012 liobe
853 2976 899 3013 ans
911 2960 956 3012 der
967 2960 1043 3012 liebe
1055 2959 1206 3026 beneisson),
1217 2975 1277 3013 son·

202 3025 265 3076 dam
281 3024 361 3090 ltingt
379 3027 450 3078 nicht
465 3043 517 3079 von
526 3030 654 3093 princeps
671 3028 712 3092 ab,
765 3027 827 3080 dern
844 3043 892 3080 nur
909 3027 1140 3093 gleichbedeutend
1158 3029 1213 3080 scin
1230 3029 1277 3081 mit

203 3091 313 3145 sondern
331 3108 382 3144 von
402 3110 455 3144 eree
469 3098 627 3161 principem.
765 3095 822 3148 dem
839 3095 1065 3160 rorhergehenden
1083 3095 1162 3160 quod.

237 3162 270 3211 cd
282 3163 517 3227 iiepercipiuatur
533 3163 604 3214 nicht
616 3163 642 3214 in
655 3163 713 3214 dem
798 3180 834 3214 esc
855 3178 886 3213 eu
910 3165 1022 3214 caritate
1045 3179 1114 3230 quae
1137 3169 1177 3214 est
1198 3167 1278 3216 later.

203 3228 282 3281 Sinne
301 3231 391 3280 ronti
406 3233 568 3295 percipiunt.
764 3230 824 3282 llan
841 3230 976 3283 ubersetzc
993 3224 1049 3284 ‘aus
1064 3231 1109 3284 der
1119 3232 1197 3284 liobe
1214 3233 1277 3284 awi-

235 3296 407 3348 simulatione
427 3301 564 3350 amicitiae
588 3299 714 3376 coluntur
766 3293 861 3350 schen’.
897 3297 933 3351 So
950 3298 1059 3361 erlrennt
1076 3315 1135 3352 rnen
1157 3300 1208 3351 wie
1230 3300 1276 3352 das

202 3365 255 3416 und
283 3367 456 3416 observantur
482 3369 606 3431 ternpordr
634 3383 715 3417 causa
766 3382 835 3432 quae
860 3365 918 3418 (lem
945 3367 1082 3435 folgenden
1108 3383 1177 3432 quas
1205 3367 1277 3420 niclrt

204 3431 349 3486 chiastisch.
406 3467 411 3484 ι
765 3435 941 3500 beigeordnet
956 3436 1066 3488 sondern
1077 3434 1277 3500 untergeordnet

238 3502 279 3551 tt.
297 3504 390 3566 potius
412 3500 495 3567 negirt
516 3501 565 3553 den
583 3499 715 3568 Ursprung
767 3502 842 3568 oder,
866 3519 909 3556 um
927 3503 1014 3556 diesen
1032 3501 1165 3554 Terminus
1183 3517 1216 3554 zu
1233 3518 1277 3570 ge-

204 3567 249 3619 der
260 3567 443 3622 Freundschalt
457 3585 502 3621 sus
515 3569 559 3621 der
570 3567 715 3635 Bedr'ultig·
766 3571 903 3637 hrcuclren,
922 3569 1086 3638 eingeordnet
1097 3570 1139 3623 ist.
1166 3569 1225 3637 ugr.
1234 3570 1276 3625 lV.

203 3634 258 3686 licit
270 3635 394 3701 ginalim,
412 3641 499 3704 magis
514 3637 564 3690 den
576 3635 715 3689 Gedanken
768 3643 812 3694 13:
832 3641 952 3705 eiusque·
970 3643 1009 3690 est
1023 3638 1169 3704 iudicatus,
1187 3643 1242 3705 qui.

204 3718 237 3754 an
254 3702 295 3754 die
313 3703 416 3768 grolsen
432 3705 563 3758 Vortlreile
582 3705 715 3758 desselben
800 3707 948 3759 detestabili
959 3707 1063 3758 seelera.
1092 3704 1127 3759 So
1140 3707 1223 3759 haben
1235 3706 1277 3758 die

204 3771 289 3822 nurin
302 3785 331 3822 so
343 3772 413 3837 weit,
431 3773 487 3826 dots
499 3790 557 3826 man
574 3773 715 3826 denselben
766 3773 852 3828 Sdhne
876 3775 921 3828 des
944 3775 970 3827 L.
994 3774 1086 3827 Junius
1109 3773 1203 3827 Bmtus
1230 3774 1276 3826 das

204 3838 275 3890 nicht
302 3838 340 3890 sls
363 3838 404 3890 die
426 3840 647 3908 llanpttricbleder
670 3842 715 3894 bc·
765 3841 837 3894 Bnnd
855 3842 899 3896 der
910 3843 986 3894 liobe
1005 3842 1134 3894 zwischen
1152 3842 1207 3894 sich
1224 3841 1277 3894 und

204 3906 319 3959 trechterr
332 3905 412 3961 ddrle.
439 3907 485 3960 Die
497 3910 617 3962 Ablative
625 3911 715 3977 oppti-
766 3911 823 3962 dem
842 3910 919 3963 Vcter
939 3911 1018 3964 durch
1035 3909 1223 3976 llochverrath‚
1247 3925 1277 3963 so
