2854 4522
213 239 254 300 24
678 241 821 296 LAELIUS.

213 418 259 478 vix
274 435 351 497 queo
366 417 474 478 dicere.
504 417 654 498 Principio
671 417 721 497 qui
736 423 834 497 potest
848 435 912 478 esse
926 417 984 478 vitu
1000 417 1103 492 vitalis,
1117 426 1151 478 ut
1166 417 1207 479 ait
1222 419 1284 480 En-

213 503 296 574 nius,
318 521 392 582 quae
415 521 476 564 non
491 503 522 564 in
537 502 622 574 amici
636 513 737 563 mutua
752 501 955 563 benevolentia
971 500 1177 582 conquiescit?
1206 502 1284 573 Quid

213 587 342 662 dulcius,
359 606 446 667 quarn
461 588 568 650 habere
584 587 703 667 quicum
721 587 819 648 omnia
839 587 945 648 audeas
961 587 1003 648 sic
1018 587 1100 668 loqui
1115 597 1148 648 ut
1162 586 1284 649 tecum?

213 671 270 742 Qui
287 681 364 734 esset
379 682 478 734 tantus
493 673 608 733 tructus
623 673 653 732 in
675 671 826 752 prosperis
840 671 944 747 rebus,
959 672 1017 732 nisi
1037 672 1160 734 haberes
1182 673 1232 752 qui
1247 673 1284 734 il-

212 757 249 818 lis
264 775 357 838 aeque
371 776 404 818 ac
419 758 529 838 tuipse
544 754 705 835 gauderet?
735 757 876 818 Adversas
895 775 964 818 vero
981 759 1058 818 ferre
1072 757 1191 818 difficile
1206 771 1284 820 esset

212 843 277 904 sinc
292 861 343 915 eo,
359 843 409 922 qui
424 842 488 903 illas
503 841 619 922 gravius
634 841 722 903 etiam
741 859 828 922 quarn
844 850 876 904 tu
892 843 989 903 ferret.
1020 842 1153 922 lleniqne
1169 851 1284 904 ceterae

212 945 260 989 ros
275 947 350 1008 quac
366 935 544 1008 expetuntur
559 934 745 1006 opportunae
761 935 830 988 sunt
853 927 986 1006 singulae
1000 927 1089 988 rebus
1103 929 1164 990 lere
1179 928 1282 1007 singu-

212 1012 265 1073 lis:
282 1013 397 1074 divitiae
408 1021 442 1074 nt
453 1022 545 1085 utare,
561 1029 633 1092 opes
645 1023 680 1073 ut
690 1012 804 1087 colare;
820 1013 949 1074 honores
960 1020 993 1073 ut
1004 1011 1132 1087 laudere,
1147 1012 1281 1094 volupta-

211 1106 257 1158 tes
271 1107 305 1158 ut
320 1098 461 1176 gaudeas;
477 1097 611 1158 valetudo
627 1105 660 1158 ut
675 1097 777 1158 dolore
791 1115 907 1171 careas,
923 1105 956 1158 ut
969 1097 1144 1159 muneribus
1158 1099 1282 1176 fungare

212 1183 360 1262 corporis:
390 1181 590 1243 amicitiores
615 1182 757 1262 plurimas
783 1182 930 1257 continet;
960 1201 1081 1262 quoquo
1108 1193 1138 1244 te
1161 1183 1284 1244 verteris

212 1277 327 1347 praesto
344 1274 402 1338 est,
424 1266 507 1327 nullo
523 1266 589 1328 looo
609 1267 788 1341 excluditur,
811 1285 962 1348 nunquam
983 1267 1188 1348 intempestiva
1204 1287 1283 1328 nun-

212 1369 297 1430 quam
312 1351 435 1432 molesta
450 1359 503 1412 est.
534 1352 636 1432 ltaque
647 1371 708 1414 non
720 1371 795 1433 aqua
806 1371 867 1414 non
882 1353 955 1430 igni,
968 1362 1002 1414 ut
1023 1353 1115 1427 aiunt,
1130 1351 1204 1414 locis
1214 1353 1283 1433 plu-

211 1435 293 1496 ribus
308 1435 419 1498 utimur
434 1455 521 1516 quarn
536 1437 672 1499 amicitia.
702 1437 816 1517 (Neque
832 1456 886 1516 ego
903 1457 983 1499 nuno
1002 1439 1038 1499 de
1052 1437 1163 1516 vulgari
1181 1445 1231 1499 aut
1245 1439 1283 1499 de

209 1520 369 1594 mediocri,
396 1539 470 1600 quae
485 1530 583 1584 tamen
598 1523 663 1602 ipsa
679 1530 708 1584 et
722 1523 846 1584 delectat
860 1531 889 1584 et
899 1523 1037 1606 prodest;
1054 1523 1104 1584 sed
1120 1523 1156 1584 dc
1170 1541 1237 1584 vera
1252 1531 1283 1584 et

210 1606 338 1684 perlecta
353 1605 475 1686 loquor,
491 1606 585 1686 qualis
601 1625 704 1668 eorum
719 1608 769 1688 qui
784 1608 871 1688 pauci
889 1607 1082 1668 nominantur
1098 1608 1177 1684 luit.)
1208 1607 1283 1670 Nam

209 1753 261 1790 ron
279 1735 367 1790 dicere
383 1739 423 1792 ab.
442 1739 624 1808 Gingevorber
638 1745 722 1793 tantis
771 1739 999 1794 AntwortNullus
1012 1747 1085 1808 esset,
1105 1741 1173 1805 doch
1186 1743 1212 1794 in
1224 1758 1282 1795 ver-

210 1809 721 1876 omtaturopporlunitatibus,somdlste
772 1809 934 1862 schiedenem
954 1809 1039 1864 Sinne.

211 1891 239 1927 es
262 1875 289 1926 in
311 1875 356 1927 der
373 1875 501 1944 syllepsis
522 1872 647 1944 ‘quantis’
672 1882 721 1930 oie
805 1882 1147 1930 ceteraeree—amtcitia:
1167 1879 1199 1930 de
1216 1885 1283 1931 cete-

211 1959 278 2008 quco
296 1944 384 1995 dicere
402 1945 509 1998 heilsen.
770 1949 810 1996 ris
826 1949 905 1996 robur
914 1973 948 1986 -
960 1947 992 1998 de
1009 1951 1129 1999 amicitia
1146 1947 1189 2002 lV.
1201 1951 1240 2002 16.

245 2014 515 2078 quipotertcsreoilu
526 2009 648 2080 vitalisld
661 2019 721 2081 βίος
804 2016 883 2065 rebus
898 2013 957 2075 fere
973 2016 1089 2080 singulis
1111 2008 1172 2068 ‘last
1192 2016 1282 2068 immet

209 2073 319 2145 βιωτόε)
343 2073 403 2132 ‘wie
421 2080 490 2134 kann
512 2081 557 2133 das
575 2081 660 2134 Leben
678 2083 720 2134 ein
770 2082 954 2149 (gewdbnlich)
995 2099 1043 2135 nur
1083 2083 1124 2134 tur
1164 2085 1281 2136 einzelne

209 2147 294 2198 Leben
307 2143 388 2199 sein'l
407 2148 561 2216 Oxymoron.
583 2149 665 2203 Tasso
677 2151 720 2202 bei
772 2145 898 2204 Zwecke'.

209 2213 322 2266 Goethe:
357 2209 450 2268 ‘Wenn
467 2217 509 2268 ich
533 2217 604 2269 nicht
628 2218 719 2280 singen
803 2224 837 2270 ,ut
852 2224 931 2270 utare
947 2211 999 2270 ‘um
1017 2222 1099 2270 etwas
1112 2220 1281 2286 autgebenzu

210 2282 271 2334 oder
284 2283 386 2336 dichten
399 2283 456 2348 soll,
476 2283 511 2336 So
530 2285 565 2336 ist
577 2285 622 2336 das
633 2286 720 2338 beben
770 2281 880 2338 lassen':
899 2285 952 2353 vgl.
964 2285 1011 2338 off.
1020 2286 1048 2338 Π.
1058 2289 1097 2340 20.
1109 2291 1139 2339 ‘lt
1159 2291 1281 2339 numeror

209 2351 257 2402 mir
274 2351 335 2403 lein
352 2352 437 2403 beben
454 2346 541 2404 mebr'.
576 2352 613 2404 lle
632 2352 672 2405 Or.
689 2353 718 2406 ll.
770 2371 835 2406 sane
853 2357 896 2406 sut.
931 2353 1003 2405 llann
1021 2354 1075 2405 ooli
1091 2354 1283 2408 Aulmerlssam-

209 2425 233 2473 5.
252 2422 284 2472 20
296 2423 379 2470 vitam
397 2419 500 2471 nullam
518 2437 570 2471 erre
583 2421 719 2474 ducemus.
770 2421 857 2474 keiten
875 2421 1003 2488 ertahren,
1026 2423 1134 2473 laudari
1150 2423 1282 2476 nnerken-

242 2487 355 2539 Ennius.
387 2487 416 2548 0.
434 2487 539 2554 Ennius,
556 2489 668 2555 geboren
686 2506 719 2543 zu
770 2505 841 2556 nung
853 2488 947 2554 finden,
962 2490 1084 2554 gaudere
1095 2490 1148 2554 (bei
1159 2492 1281 2558 volupta-

208 2554 290 2608 uuus
308 2556 335 2606 in
344 2555 477 2607 Galabrien
489 2559 539 2610 239
548 2573 573 2608 v.
584 2557 640 2610 Chr.
651 2561 717 2624 gest.
770 2563 808 2608 tes
820 2557 979 2619 Sinnenlustl
997 2557 1130 2622 genielsen
1147 2559 1279 2624 (absolut).

210 2626 258 2676 169
269 2622 377 2688 inRom,
390 2623 434 2674 der
449 2623 574 2692 Schbpler
586 2624 631 2678 des
642 2626 719 2677 rbnri-
803 2641 845 2675 ras
859 2625 1007 2690 plurimas,
1030 2623 1081 2676 llll.
1099 2628 1131 2678 23
1147 2623 1283 2693 plurimos

210 2691 288 2742 scben
305 2691 382 2758 Epos.
412 2691 480 2743 Weil
498 2707 525 2744 er
543 2692 625 2744 dreier
642 2691 719 2760 Spra-
770 2689 976 2745 commoditates.
1012 2691 1070 2759 Vgl.
1078 2693 1154 2745 xxu.
1163 2698 1205 2749 84.
1298 2713 1302 2725 ·

208 2759 273 2810 chen
293 2759 350 2823 (des
362 2759 550 2826 Griechischen,
570 2759 717 2826 Oscischen,
803 2761 868 2812 loeis
889 2759 1013 2828 pluribus
1038 2761 1073 2812 im
1090 2762 1230 2816 Auschlufs
1247 2779 1280 2815 an

206 2826 568 2895 lateinischen)lrundigwar,
579 2831 718 2882 sordhmte
769 2845 875 2894 quoquo
894 2833 918 2880 te
936 2832 1049 2880 verteris
1064 2829 1117 2882 und
1128 2832 1203 2882 nollo
1223 2833 1279 2882 loco

208 2909 235 2946 er
254 2895 308 2947 sich
327 2895 380 2948 drei
398 2895 496 2948 llerzen
514 2913 545 2948 zu
563 2897 664 2950 haben:
685 2899 716 2950 A.
769 2896 824 2960 (aul
846 2897 887 2949 die
909 2896 989 2963 Frage
1014 2898 1095 2960 unde)
1117 2901 1280 2966 occluditur,

208 2961 407 3017 Gell.llllll.1'l.
654 3019 664 3031 „
769 2965 830 3016 aber
842 2981 862 3018 s.
870 2981 896 3016 v.
905 2979 928 3016 a.
943 2965 985 3016 bei
994 2965 1279 3033 meerelegenheiten.

235 3031 632 3098 inbencoolcntiaeonqniercit.
648 3033 718 3084 Alm-
768 3031 828 3098 Vgl
845 3033 938 3083 multis
956 3033 1021 3084 locis
1035 3033 1096 3085 Xlll.
1109 3037 1141 3086 ot
1160 3036 1212 3088 und
1230 3037 1282 3088 boc

207 3098 259 3150 licb
277 3097 375 3150 Goethe
398 3100 432 3150 irn
450 3099 545 3152 Tasso:
580 3095 617 3152 ‘ln
633 3101 718 3153 seiner
772 3100 829 3152 loco
847 3099 963 3154 xlxot.

207 3165 357 3219 Grolsmuth
373 3165 467 3219 kannst
485 3166 519 3219 du
535 3168 618 3220 sicher
634 3162 716 3222 rubn'.
802 3169 946 3220 mediocris
954 3168 1024 3220 steht
1034 3172 1098 3222 stets
1106 3171 1278 3238 vercingernd.
1387 3223 1389 3228 ,

243 3237 350 3300 quicum
374 3235 462 3286 behdlt
486 3234 613 3303 diejenige
630 3236 718 3303 Allge-
767 3235 1280 3292 AuchdasAdv.mediocritorbedeutet

207 3303 331 3356 meinbeit
347 3301 401 3354 und
417 3301 657 3370 Unbestirnmtbeit‚
675 3305 717 3356 die
768 3298 1279 3372 immer‘nureinigermafsen’,uie‘wirlr-

208 3387 236 3423 es
255 3370 513 3438 alslnterrogativum
525 3372 577 3437 hat,
596 3373 661 3424 auch
680 3373 718 3424 als
769 3372 820 3424 lich
840 3369 1053 3438 einigermalsen‘.

208 3439 353 3491 Relativum
365 3439 415 3504 bei,
427 3437 513 3490 indem
526 3454 553 3492 es
563 3440 618 3491 siob
629 3440 719 3492 immet
804 3457 873 3506 quae
896 3446 984 3492 tamon
1004 3445 1062 3508 ipra
1086 3441 1190 3493 obwohl
1214 3440 1279 3493 anch

208 3521 255 3558 nur
280 3506 324 3558 aul
340 3505 542 3563 Unbestirumtes
563 3507 615 3559 und
632 3505 720 3574 Alige-
770 3507 840 3560 diese
859 3509 947 3562 schon.

208 3574 306 3625 meinos
323 3574 433 3627 bezieht.
805 3581 852 3642 qui
875 3581 958 3644 pauci
983 3576 1056 3642 (Cato
1083 3575 1116 3628 M.
1143 3575 1207 3628 lllV.
1234 3577 1281 3641 46)

243 3641 297 3705 Qui
314 3649 379 3692 ercet
396 3643 463 3710 lragt
474 3643 540 3696 nach
552 3643 609 3695 dem
621 3642 718 3696 Wesen
769 3645 869 3697 welche
886 3639 943 3698 ‘nur
960 3645 986 3696 in
1004 3643 1121 3710 geringer
1133 3639 1202 3696 Zahl’
1217 3644 1277 3696 oder

208 3709 261 3776 und
273 3707 317 3760 der
329 3707 534 3764 Beschallenheit
546 3706 634 3776 (Was’
648 3713 718 3764 wilre
769 3705 863 3765 ‘deren‘
890 3729 937 3765 nur
954 3711 1070 3778 wenige:
1093 3713 1145 3780 vgl.
1164 3711 1226 3764 Cato
1243 3710 1277 3762 Μ.

208 3776 252 3828 der
271 3775 392 3840 dennis),
416 3783 558 3843 quieceret
577 3780 642 3832 nach
660 3780 718 3833 dern
768 3779 833 3834 Xlll.
843 3784 874 3834 st
887 3783 934 3846 qui
943 3780 1014 3831 nulli
1022 3781 1121 3832 welche
1133 3774 1188 3847 ‘gar
1198 3773 1275 3832 nicbt’

208 3844 307 3896 Nomen
318 3844 371 3896 und
382 3844 474 3898 Desein
492 3841 560 3912 t‘wo’
574 3848 659 3900 bliebe
673 3851 717 3913 er).
769 3848 830 3901 oder
849 3843 939 3900 ‘deren’
959 3848 1043 3902 keine.

207 3913 235 3966 ln
261 3911 354 3964 beiden
376 3912 463 3966 Fallen
489 3915 571 3968 lautet
596 3916 651 3968 hier
677 3917 717 3968 die
802 3916 872 3969 Nam
891 3921 1001 3970 et-et.
1036 3915 1082 3969 Die
1107 3915 1280 3983 Begrdndung
