2854 4522
224 234 265 297 58
691 234 832 288 multuo.

224 428 281 492 que
302 408 362 490 egit
381 407 521 488 graviter,
546 407 721 470 auctoritate
742 417 771 470 et
795 407 960 472 offensione
984 407 1075 470 animi
1100 425 1162 468 non
1183 405 1300 469 acerba.

173 509 202 560 ts
223 494 316 567 Quam
329 493 367 556 ob
382 512 445 555 rem
456 493 586 575 primum
602 492 696 555 danda
711 503 870 574 operaest,
885 511 924 556 ne
935 511 992 574 qua
1004 493 1166 554 amicerum
1177 492 1301 554 discidia

223 581 311 654 flant;
338 579 383 640 sin
406 579 464 640 tale
484 578 594 659 aliquid
618 579 764 654 evenerit,
789 587 823 640 ut
843 578 1003 641 exstinctae
1029 578 1130 660 potine
1152 577 1299 640 amicitiae

222 683 311 746 quam
331 681 491 746 oppressae
515 681 580 726 esse
604 663 766 726 videantur.
802 663 970 726 Cavendum
990 681 1059 726 vero
1088 681 1138 737 ne·
1153 662 1241 724 etiam
1265 662 1299 724 in

222 769 324 830 graves
344 749 512 811 inimicitias
533 757 704 811 convertant
718 768 750 811 se
765 749 924 811 amicitiae:
946 748 1105 829 exquibus
1125 747 1220 826 iurgia
1235 765 1299 810 ma·

221 835 326 898 ledicta
340 833 538 897 contumeliae
552 834 724 914 gignuntur.
755 834 836 905 Quae
851 843 961 909 tamen,
976 834 1001 895 ei
1016 832 1183 896 tolerabiles
1198 842 1297 906 erunt,

220 920 357 982 ferendae
372 927 457 994 aunt,
479 927 510 981 et
524 920 573 981 hic
587 920 684 981 honos
698 919 789 981 veteri
804 919 948 990 amicitiae
964 919 1153 993 tribuendus,
1177 925 1210 980 ut
1224 918 1249 979 ie
1264 918 1297 980 in

222 1005 309 1087 culpa
324 1005 364 1066 sit
379 1005 431 1086 qui
445 1005 540 1076 iaciat,
556 1023 617 1066 non
632 1004 658 1067 is
673 1005 724 1086 qui
739 1005 866 1086 patiatur
879 1004 1026 1066 iniuriam.
1291 1023 1296 1030 ·

306 1090 435 1152 Omnino
461 1089 595 1152 omnium
620 1091 726 1152 horum
757 1090 894 1152 vitiorum
925 1098 1014 1170 atqua
1039 1087 1297 1150 incommodorum

220 1193 279 1238 una
294 1175 391 1238 cautio
407 1183 451 1237 eet
464 1185 553 1254 atque
567 1194 626 1237 una
640 1175 786 1257 provisior
805 1184 839 1237 ut
854 1194 891 1237 ne
907 1175 995 1236 nimis
1008 1174 1067 1244 cito
1083 1173 1204 1253 diligere
1219 1173 1297 1235 inei·

170 1274 199 1326 to
220 1261 318 1342 piant,
340 1279 413 1322 neve
428 1277 489 1322 non
510 1261 625 1338 dignos.
656 1260 745 1340 Digni
765 1268 863 1322 autem
886 1271 957 1322 sunt
974 1259 1117 1334 amicitia,
1139 1257 1247 1339 quihus
1261 1258 1295 1320 in

219 1345 291 1426 ipsis
301 1346 378 1406 inest
393 1363 480 1408 cauea
497 1363 551 1408 eur
565 1345 734 1426 diligantur.
765 1345 875 1408 Rarum
890 1365 1000 1426 genno:
1017 1353 1044 1406 et
1060 1345 1179 1426 quidem
1195 1342 1295 1406 omnia

219 1429 462 1510 praeclararum,
485 1449 539 1492 nec
555 1431 715 1512 quidquam
731 1430 879 1493 difficilius
901 1449 988 1512 quam
1008 1429 1140 1510 reperire
1162 1429 1241 1510 quod
1256 1429 1296 1490 eit

220 1515 301 1576 omni
316 1524 448 1596 exparte
463 1515 494 1577 in
509 1535 564 1578 suo
585 1534 693 1595 genere
716 1517 889 1597 perlectum.
921 1517 979 1578 Sed
993 1514 1128 1596 plerique
1149 1532 1246 1594 neque
1261 1513 1292 1574 in

218 1599 307 1663 rebus
321 1601 459 1663 humanis
479 1601 640 1682 quidquam
659 1601 772 1663 bonum
788 1609 915 1675 norunt,
936 1601 994 1663 nisi
1012 1600 1092 1681 quod
1107 1600 1293 1661 fructuosum

251 1735 414 1785 auctoritate
431 1737 458 1784 et
474 1734 622 1797 offensione
644 1736 728 1786 animi
779 1733 828 1786 den
840 1733 936 1785 andern
946 1735 1035 1799 tragon
1047 1731 1147 1784 laesen:
1160 1731 1292 1784 111011Βὸ-

217 1815 272 1852 noo
290 1803 385 1852 acerba
408 1801 477 1854 steht
501 1817 532 1853 zu
547 1805 671 1866 grauiter
692 1802 728 1854 im
779 1817 820 1854 ses
832 1802 879 1853 mit
888 1801 982 1853 Bdeem
991 1799 1133 1866 vergeltem
1145 1799 1198 1852 und
1209 1799 1291 1853 lieber

217 1867 393 1922 Verhailtnisse
404 1869 449 1922 der
461 1868 628 1922 erklt'uenden
639 1869 680 1937 Ap
699 1885 728 1922 o·
778 1869 891 1922 Unreeht
909 1869 994 1921 leiden
1011 1868 1050 1920 als
1068 1867 1182 1920 Unreeht
1200 1868 1271 1920 thun.

217 1937 308 1990 sition:
328 1937 395 1990 ohne
412 1937 467 1990 sein
484 1938 660 2004 persdnliches
678 1887 729 1990 le·
812 1953 868 1988 oca
886 1941 976 1988 cautio
995 1941 1074 2002 atque
1095 1951 1153 1986 una
1166 1939 1289 2002 provisio

218 2005 297 2058 wicht
314 2005 366 2057 und
384 2005 455 2058 seine
472 2005 663 2072 Veretimrnung
682 2007 729 2058 ani
779 2022 827 2058 nur
845 2006 887 2058 ein
898 2005 982 2058 llittel
1000 2004 1055 2057 sich
1072 2019 1105 2056 au
1114 2004 1219 2056 wahren
1236 2004 1289 2056 und

217 2073 726 2128 eineherbeWeiseinhlbarzumachen.
779 2074 835 2126 nich
852 2074 1019 2126 vorzuoehen.

250 2143 291 2194 ¹18.
314 2145 432 2206 primum
457 2157 503 2193 vor
520 2142 597 2194 ,ellen
619 2141 726 2209 Diogen,
813 2144 853 2194 79.
872 2145 963 2194 omnin
976 2140 1121 2208 praeclara
1137 2155 1211 2192 rara.
1240 2140 1288 2192 Ein

217 2224 258 2260 wo
276 2209 398 2274 mdglich‚
415 2203 535 2275 μάλιστα
551 2212 611 2276 μέν.
777 2209 915 2262 deutsches
933 2209 1092 2278 Sprichwort
1109 2206 1200 2262 heilet:
1230 2207 1290 2261 Viel

248 2279 307 2327 rio:
325 2275 356 2330 11.
367 2280 407 2330 at.
425 2319 428 2324 .
777 2277 830 2330 und
847 2283 894 2346 qut
911 2279 946 2330 iet
962 2278 1034 2330 nicht
1051 2277 1215 2330 heisammen.
1239 2276 1289 2330 uer

249 2347 643 2410 emrtinctce-oppreeeamee,
662 2346 725 2398 Cato
777 2344 947 2414 Gleicliklanq
963 2346 1141 2412 inpracclara
1157 2343 1210 2396 ond
1221 2361 1289 2397 raro

215 2411 727 2466 Μ.11111.71’;(ιάιι1εεοεηιοεπη’1ιίπιονί
777 2414 893 2466 erweelrt
909 2413 1100 2466 unwillluirlich
1117 2413 1159 2465 die
1173 2411 1289 2466 Vorstel-

214 2483 254 2532 eie
271 2481 405 2546 uidentur,
421 2485 453 2532 ut
465 2497 523 2532 crem
536 2498 622 2547 aquae
634 2483 725 2534 multi·
776 2482 847 2549 long,
865 2481 923 2534 dala
941 2483 1006 2534 auch
1023 2481 1081 2533 eine
1098 2481 1186 2532 ionere
1199 2480 1288 2534 Bezie·

216 2549 309 2600 tudine
333 2551 458 2610 fiammae
483 2552 523 2600 ote
546 2553 725 2616 opprimitar5
775 2547 1160 2616 hungundWechselwirlmng
1175 2548 1289 2614 etuttfin-

214 2620 436 2681 senectutemque,
445 2622 531 2668 ulma
539 2623 640 2685 monte,
648 2619 724 2670 culm
776 2617 827 2682 det,
845 2616 898 2668 und
909 2616 964 2668 (lies
976 2617 1035 2668 thot
1050 2615 1091 2668 die
1104 2615 1205 2668 dulcere
1217 2617 1288 2668 Ahn-
1302 2655 1305 2660 -

216 2685 338 2736 adhibita
351 2687 575 2753 decemremem
593 2690 667 2753 egreie
679 2703 725 2738 eae-
774 2684 882 2737 liehlreit
903 2685 1054 2752 uberhaupt.
1097 2682 1133 2736 So
1155 2683 1221 2736 wind
1244 2685 1287 2738 bei

215 2756 374 2820 adoguitur.
409 2753 535 2820 Ubrigens
556 2755 590 2807 ist
607 2755 653 2808 das
670 2772 725 2806 cese
775 2751 998 2807 lloraatlarmdv.
1011 2754 1050 2817 12,
1063 2755 1127 2805 ltu.
1142 2755 1179 2805 14.
1191 2753 1286 2804 Addu-

215 2837 262 2875 vor
272 2822 417 2874 videantur
428 2822 723 2890 nichtbedeutungslos:
774 2837 841 2873 mere
857 2824 931 2873 mum
948 2825 1077 2888 ternpore,
1095 2819 1214 2886 Vergili:
1233 2820 1288 2874 Sed

215 2893 406 2942 exstinctae
415 2894 725 2958 potimquamoppree-
772 2905 894 2957 prmum
919 2889 1026 2942 Gelidus
1050 2889 1147 2940 ducere
1173 2888 1286 2940 liberum

214 2958 723 3012 eaeuideanturhezeiohnetbloledae
775 2958 905 3024 Sigeum,
923 2964 964 3009 ote
980 2957 1060 3010 durch
1075 2956 1120 3008 doc
1132 2957 1285 3010 wesentlich
1352 2961 1355 2967 '

214 3023 339 3091 Ergebnie
357 3025 555 3092 (lerllandlung,
573 3031 724 3079 erastino-
774 3025 956 3079 verschiedene
969 3025 1107 3076 adduam
1124 3024 1177 3076 und
1189 3025 1285 3078 ducere

215 3098 274 3144 tae
298 3095 390 3158 petiae
415 3110 495 3158 quam
518 3110 724 3161 oppressae
774 3093 930 3160 gleiehwolil
955 3093 1028 3144 recht
1052 3092 1141 3158 witnig
1166 3093 1214 3144 mit
1239 3092 1284 3146 der

215 3177 285 3212 aere
294 3160 724 3226 uideantur(vielmehrerloaehen
774 3159 1039 3214 warmenlaluesaeit
1056 3160 1101 3213 der
1112 3161 1195 3214 heilse
1207 3160 1283 3214 Durst

179 3263 183 3272 «
214 3223 723 3296 auseinoleertddtet‘worden‘aueein)
773 3230 800 3282 in
818 3228 984 3296 Verbindung
1006 3228 1152 3295 gebracht„
1171 3229 1283 3295 Ilerglei-

214 3297 291 3350 weiet
302 3295 632 3362 auidiellandlnngsweice
642 3300 724 3352 selbot
774 3298 838 3350 chen
856 3297 901 3349 hat
919 3295 985 3350 ovid
1001 3297 1042 3350 bis
1059 3313 1118 3349 zum
1134 3297 1282 3351 Uberdmle.

214 3364 272 3430 hin,
294 3364 347 3418 und
363 3364 398 3417 ist
415 3380 435 3417 s.
453 3380 478 3417 v.
496 3379 518 3416 a.
537 3371 570 3416 ut
584 3369 724 3432 ccrttnpm'
774 3365 899 3432 Zuiallige
916 3364 970 3418 und
986 3365 1154 3418 absiclitliche
1170 3364 1282 3418 Pareno-

212 3436 304 3498 potiue
315 3435 407 3485 einim
424 3435 573 3484 amicitiam
585 3449 665 3500 quam
677 3451 723 3500 op·
773 3434 870 3486 masien
888 3433 1070 3501 llomoioptota
1087 3433 1281 3486 Alliterationen

212 3506 337 3566 prumea
353 3502 468 3554 mucore.
773 3518 797 3554 u.
808 3501 860 3568 dgl.
872 3517 905 3554 au
914 3501 1110 3554 untereeheiden
1118 3501 1153 3553 ist
1162 3501 1280 3567 mitslich,

248 3568 399 3621 Cavendum
422 3585 483 3622 uero
509 3568 721 3622 nachdrdekliehr
773 3570 840 3622 deun
858 3570 896 3622 ale
919 3570 961 3622 ein
978 3569 1102 3636 urgeonis
1125 3569 1281 3636 dugetliclrer

212 3633 297 3688 Hdten
314 3637 374 3689 aber
391 3641 459 3691 mols
475 3653 534 3690 mon
552 3638 615 3692 sich.
772 3638 904 3693 Retlexion
916 3639 978 3692 oder
989 3637 1280 3691 kleinliclterllunetelei

219 3774 225 3787 .
246 3707 270 3754 is
281 3707 328 3786 qut
338 3703 425 3788 faciat
434 3707 479 3792 dep
487 3706 638 3774 Beleidiger.
657 3706 720 3760 Also
772 3708 830 3761 sind
841 3708 879 3760 sie
890 3708 932 3759 bei
942 3707 991 3788 den
1001 3707 1156 3760 elaesisehen
1164 3707 1279 3760 Antoren

213 3775 721 3897 lxtatfftt‘lttt‘ttttntltl
771 3775 1279 3909 11111111111111111111111111

212 3907 720 3964 altelreundschaltsollmandieSchuld
772 3909 1002 3964 hemorrteehende
1021 3909 1082 3964 oder
1099 3909 1244 3963 wirkeame.
