2854 4522
225 258 265 320 60
691 257 834 312 LAELIUS.

226 433 315 496 talem
335 433 462 495 amicum
483 431 601 505 volunt,
630 431 732 512 quales
752 431 808 512 ipsi
830 449 894 492 cese
917 445 977 492 non
1002 437 1143 511 possunt,
1164 445 1301 510 quaeque

227 519 286 600 ipsi
302 537 363 579 non
378 517 514 580 tribuunt
528 516 647 590 amicis,
669 519 742 579 haec
757 516 793 578 ab
808 516 845 577 iis
866 516 1041 577 desiderant.
1071 515 1128 576 Par
1143 522 1187 576 est
1199 524 1301 577 autem

225 604 354 685 primum
378 603 476 684 ipsum
497 620 562 664 esse
581 601 676 663 virum
702 602 831 674 bonum,
860 610 924 662 tum
952 601 1077 662 alterum
1106 599 1232 661 similem
1252 601 1300 663 sui

120 709 148 740 v
229 707 378 770 quaerere.
408 687 442 748 ln
457 687 565 749 talibus
586 704 636 762 ea,
658 705 747 768 quarn
769 687 938 748 iamdudum
960 695 1133 760 tractamus,
1156 684 1302 748 stabilitas

228 773 374 836 amicitiae
389 773 556 834 confirmari
572 782 686 852 potest:
703 790 770 834 cum
785 772 921 833 homines
935 770 1139 832 benevolentia
1150 769 1301 832 'coniunc-

228 859 251 920 ti
266 859 395 940 primum
410 857 637 938 cupiditatibus,
652 857 689 918 iis
704 857 812 938 quibus
827 856 916 918 ceteri
932 857 1080 930 serviunt,
1095 854 1300 936 imperabunt3

227 944 335 1006 deinde
349 943 495 1024 aequitate
511 941 680 1022 iustitiaque
691 942 870 1021 gaudebunt,
885 942 1043 1021 omniaque
1055 941 1129 1003 alter
1140 959 1194 1022 pro
1205 940 1300 1002 altero

228 1028 370 1110 suscipiet
385 1045 482 1109 neque
497 1029 657 1108 quidquam
679 1045 809 1108 unquam
827 1027 883 1088 nisi
904 1029 1063 1088 honestum
1079 1034 1109 1088 et
1129 1034 1242 1088 rectum
1257 1027 1301 1088 al-

181 1119 183 1126 ’
228 1124 272 1176 ter
287 1114 324 1175 ab
339 1113 431 1175 altero
446 1112 624 1194 postulabit;
641 1131 738 1194 neque
753 1112 849 1174 solum
865 1112 964 1174 colent
978 1109 1057 1174 inter
1071 1129 1103 1172 se
1118 1129 1152 1173 ac
1167 1111 1300 1190 diligent,

229 1199 279 1260 sed
301 1199 388 1260 etiam
410 1198 597 1260 verebuntur.
634 1197 709 1260 Nam
730 1197 888 1259 maximum
917 1205 1123 1258 ornamentum
1153 1195 1300 1258 amicitiae

178 1299 206 1350 83
228 1283 322 1357 toltit,
339 1284 389 1363 qui
406 1301 441 1344 ex
456 1301 489 1344 ea
504 1282 581 1344 tollit
595 1283 811 1344 verecundiam.
841 1283 942 1364 ltaque
957 1282 987 1343 in
1002 1282 1040 1343 iis
1055 1281 1240 1363 perniciosus
1256 1292 1302 1343 est

229 1387 329 1440 error,
351 1368 401 1448 qui
424 1368 590 1430 existimant
611 1367 767 1430 libidinum
787 1377 1034 1449 peccatorumque
1052 1367 1183 1428 omnium
1199 1376 1301 1447 patere

228 1453 260 1514 in
281 1452 409 1514 amicitia
431 1453 590 1514 licentiam.
621 1453 770 1516 Virtutum
791 1452 917 1515 amicitia
938 1453 1094 1514 adiutrira
1116 1462 1220 1514 natura
1234 1452 1300 1514 data

230 1546 289 1610 est,
305 1556 366 1598 non
381 1537 518 1599 vitiorum
536 1555 652 1613 comes,
668 1548 702 1600 ut
718 1539 857 1618 quoniam
873 1538 1002 1599 solitaria
1018 1555 1078 1600 non
1094 1545 1195 1618 posset
1208 1537 1301 1598 virtus

228 1623 264 1684 ad
280 1641 313 1684 ea
329 1641 403 1703 quae
418 1641 532 1684 summa
547 1633 616 1684 sunt
631 1623 801 1704 pervenire,
823 1623 982 1685 coniuncta
1001 1633 1030 1684 et
1050 1622 1216 1684 consociata
1232 1641 1301 1684 cum

228 1707 318 1770 altera
334 1708 516 1788 perveniret:
539 1727 614 1788 quae
629 1709 654 1770 si
670 1727 745 1789 quos
760 1709 838 1770 inter
852 1708 977 1769 societas
990 1717 1042 1770 aut
1058 1716 1101 1770 est
1115 1717 1165 1769 aut
1180 1707 1235 1768 ruit
1249 1717 1301 1770 aut

229 1793 328 1855 futura
350 1802 410 1866 est,
439 1811 541 1854 eorum
564 1802 609 1854 est
628 1793 782 1855 habendus
802 1793 838 1856 ad
866 1811 1013 1854 summum
1043 1801 1167 1855 naturae
1188 1792 1301 1854 bonum

177 1891 207 1942 84
230 1879 360 1960 optimus
374 1878 619 1958 beatissimusque
641 1878 807 1941 comitatus.
842 1877 921 1940 Haec
936 1889 997 1952 est,
1019 1879 1156 1958 inquam,
1177 1877 1302 1939 societas

228 1963 332 2044 imque
355 1964 453 2025 omnia
476 1963 579 2026 insunt
595 1982 670 2044 quae
685 1973 791 2046 putant
805 1965 941 2026 homines
959 1965 1137 2046 expetenda,
1162 1963 1302 2026 honestas

261 2097 358 2146 etmib'r
380 2097 432 2148 und
450 2097 588 2148 diseimilie
611 2098 657 2149 mit
680 2098 737 2150 dem
790 2101 867 2163 mogo
876 2099 946 2149 einer
955 2099 1084 2164 gewiseen
1093 2097 1165 2148 Folle
1181 2097 1227 2148 des
1235 2096 1301 2148 Ans·

228 2164 331 2216 Genitiv
349 2165 471 2216 bedentet
488 2165 740 2230 cigentlicb-sub-
791 2165 886 2218 drucks
903 2166 944 2218 fuir
960 2166 1006 2218 das
1024 2165 1141 2218 einsache
1159 2163 1301 2228 dartffiic.)

215 2231 553 2284 ‹stantiviscb-Ebenbild
570 2233 623 2284 und
640 2233 740 2299 Gegen·
791 2233 853 2285 oder
871 2251 925 2284 esse
942 2233 1026 2297 (salt.)
1046 2235 1189 2285 licentiam.
1226 2232 1300 2284 ΕΜ

227 2299 295 2364 bild,
321 2299 373 2350 und
397 2299 548 2352 bezeichnet
573 2299 651 2352 sumit
674 2305 739 2354 stete
790 2295 871 2352 ‘der
886 2301 939 2353 und
956 2301 1026 2354 Thon
1042 2301 1155 2368 gedffnet
1171 2295 1226 2354 sei’.

228 2367 285 2418 eine
303 2367 484 2432 allgemeinere
501 2368 739 2434 dprcbgreiiendere
826 2385 857 2419 eo
875 2385 943 2434 quae
960 2385 1063 2420 mmmc
1081 2375 1145 2420 aaut
1163 2369 1204 2421 die
1221 2367 1301 2420 hdeb-

228 2435 281 2486 nnd
297 2435 494 2488 wesentlichere
511 2435 685 2490 Abulicbkeit.
791 2441 849 2488 sten
866 2431 962 2490 ‘Ziele’.

262 2503 394 2554 stabilitor
408 2503 681 2570 bauerbaitigkeit,zu
694 2521 739 2558 un·
823 2508 848 2554 si
873 2521 939 2570 quor
967 2507 1039 2555 inter·
1064 2504 1225 2572 Apostrophe
1256 2504 1302 2556 der

229 2571 390 2624 terscbeiden
408 2587 460 2624 von
477 2572 600 2636 firmitas.
790 2570 874 2638 Prap,
887 2573 928 2623 die
940 2571 1102 2638 keineswegs
1115 2587 1162 2624 nur
1173 2573 1239 2624 nach
1251 2573 1302 2625 Re·
1327 2627 1328 2630 ,

264 2639 465 2706 cupiditatibus,
482 2643 519 2692 iis
531 2645 633 2707 quidue.
654 2641 738 2693 Durcb
789 2639 876 2691 dativis
893 2639 1045 2692 stattiindet.

229 2706 471 2774 dieluterpuncticn
482 2702 739 2775 ‘cupiditatiburiiq
824 2723 924 2758 comeo.
953 2707 1013 2760 Man
1031 2708 1103 2760 bitte
1121 2711 1243 2760 erwartet
1261 2711 1302 2773 ir,-

228 2767 329 2840 quibus'
350 2775 450 2843 ergiebt
467 2776 522 2829 sich
540 2777 585 2828 der
602 2777 738 2829 verkehrte
791 2789 821 2828 so
838 2778 906 2828 muts
924 2791 983 2828 man
999 2769 1071 2828 ‘dies’
1091 2775 1132 2827 tur
1149 2775 1190 2828 die
1202 2805 1235 2814 -
1252 2776 1303 2830 Ge-

227 2843 362 2910 Gedanke,
380 2845 418 2896 als
436 2843 530 2897 sollten
550 2845 590 2897 die
608 2849 662 2896 viri
676 2849 740 2896 doni
790 2843 1004 2896 sellschaitsrcise
1021 2847 1184 2910 (comitatus)
1202 2844 1300 2899 holten.

227 2927 275 2962 nur
292 2912 349 2964 eine
365 2911 514 2965 bestimmte
530 2913 616 2965 Classe
628 2929 680 2966 von
692 2913 741 2966 Be·
764 2931 767 2938 ·
790 2911 860 2964 Aber
877 2913 960 2964 dieser
972 2911 1034 2964 Sinn
1047 2913 1145 2978 ergiebt
1157 2913 1213 2964 sich
1225 2913 1301 2980 docb,

228 2978 332 3042 gierden
349 2979 535 3034 beherrscben:
554 2981 618 3035 XIV.
630 2985 671 3035 te.
690 2982 740 3034 Zur
790 2980 877 3032 indem
887 2985 1029 3032 comitatus
1040 2997 1072 3032 nu
1086 2995 1178 3032 eorum
1190 2980 1302 3033 alsSnb-

228 3043 310 3097 Socho
328 3061 377 3098 noc
393 3049 451 3100 ulto
468 3049 499 3103 V.
515 3052 554 3101 tu.
570 3105 583 3133 Α
787 3047 1119 3132 jectthauaudeqkeuist:
1133 3049 1182 3115 eig.
1193 3052 1301 3102 somnis

228 3115 739 3251 ..ttt‘tttttttttttttuttt?
790 3113 1301 3250 Vt.-ttttttttttf.......u.

227 3249 289 3302 Xlll.
300 3251 323 3302 6.
790 3253 1300 3318 animiatqooiucuuditur:wedervicr

261 3322 335 3370 iuter·
351 3333 388 3384 se,
406 3317 455 3383 εἰς.
473 3317 500 3368 in
517 3319 597 3371 ibrenr
615 3321 740 3372 wecbsel-
791 3319 893 3371 Glieder
914 3321 981 3372 noch
1006 3320 1074 3386 dcci,
1092 3319 1201 3372 sondern
1223 3322 1299 3386 zuei,

228 3387 337 3453 seitigen
355 3383 530 3438 Verbiltnisse
554 3403 587 3438 zu
610 3388 738 3454 einander,
790 3403 841 3440 von
860 3387 942 3440 denen
960 3388 1006 3441 das
1024 3393 1091 3440 erste
1109 3402 1155 3439 aus
1169 3389 1236 3440 zwei
1253 3405 1300 3441 un·

227 3459 322 3506 ersetzt
339 3453 385 3506 das
402 3453 526 3506 deutsche
548 3448 685 3506 ‘einander'
711 3456 738 3508 in
790 3455 1082 3510 verbundenenssdliten
1094 3455 1204 3508 besteht.
1222 3455 1300 3510 Diese

228 3521 295 3573 allen
306 3523 398 3575 Casus:
417 3527 554 3574 mucrone
567 3525 678 3574 interra
691 3525 739 3586 (at-
789 3524 837 3576 Art
855 3523 899 3576 der
907 3523 1061 3590 Gliedemng
1072 3523 1145 3588 wird,
1163 3523 1228 3576 eben
1247 3541 1300 3578 we·

228 3593 269 3640 tor·
286 3589 407 3656 alteriue)
430 3593 597 3658 opinionem,
623 3594 695 3642 iuter·
711 3609 739 3642 re
806 3606 840 3644 en
858 3592 904 3644 des
922 3593 995 3646 einen
1007 3589 1157 3659 Asyndeton
1184 3607 1225 3644 am
1237 3593 1304 3646 brim

228 3657 307 3721 (alter
329 3657 417 3723 alteri)
439 3661 559 3712 nondam
580 3663 648 3711 ratis
669 3663 738 3725 noti,
790 3605 1031 3732 bgstenverlrrnntg
1049 3632 1247 3714 ausititem
1256 3659 1298 3714 Vi.

228 3725 363 3790 compleant
379 3730 450 3778 iuter
466 3745 494 3778 se
506 3729 586 3791 (attor
603 3728 737 3794 alterum),
792 3731 802 3780 t
823 3731 881 3780 riae
898 3729 1000 3794 logium
1015 3731 1074 3779 aine
1090 3731 1217 3794 imperio,
1237 3730 1298 3780 ttae·

227 3797 299 3844 inter·
318 3805 345 3844 te
362 3795 441 3857 (alter
463 3799 497 3848 ab
522 3797 619 3862 altero)
642 3797 738 3850 discea—
789 3811 851 3847 rum
868 3801 948 3862 atquo
964 3797 1088 3862 rolatum,
1106 3797 1298 3849 wochiastiscb

226 3866 326 3912 serant.
790 3864 902 3916 liberum
919 3863 1163 3930 autotnoimpera‘o,
1180 3865 1298 3916 rotrocum
1337 3917 1339 3922 .
1414 3887 1415 3894 ¹

201 3926 204 3942 '
263 3932 303 3983 83.
320 3934 414 3998 patere
431 3931 568 3983 licentiam
590 3933 659 3986 steht
681 3949 738 3986 ver·
789 3931 1295 4000 (ungebuuden)aussiuelegiburgebt.
1414 3927 1415 3968 1
