<?xml version="1.0" encoding="UTF-8"?>
<!DOCTYPE html PUBLIC "-//W3C//DTD XHTML 1.0 Transitional//EN"
    "http://www.w3.org/TR/xhtml1/DTD/xhtml1-transitional.dtd">
<html xmlns="http://www.w3.org/1999/xhtml" xml:lang="en" lang="en">
 <head>
  <title>
</title>
<meta http-equiv="Content-Type" content="text/html;charset=utf-8" />
  <meta name='ocr-system' content='tesseract 3.04.00' />
  <meta name='ocr-capabilities' content='ocr_page ocr_carea ocr_par ocr_line ocrx_word'/>
</head>
<body>
  <div class='ocr_page' id='page_1' title='image "./laeliusdeamicit08cicegoog_0070.png"; bbox 0 0 2854 4522; ppageno 0'>
   <div class='ocr_carea' id='block_1_1' title="bbox 605 259 1214 319">
    <p class='ocr_par' dir='ltr' id='par_1_1' title="bbox 605 259 1214 319">
     <span class='ocr_line' id='line_1_1' title="bbox 605 259 1214 319; baseline 0.011 -7"><span class='ocrx_word' id='word_1_1' title='bbox 605 259 748 314; x_wconf 76' lang='lat' dir='ltr'><strong>mallus,</strong></span> <span class='ocrx_word' id='word_1_2' title='bbox 1174 259 1214 319; x_wconf 74' lang='lat'><strong>57</strong></span> 
     </span>
    </p>
   </div>
   <div class='ocr_carea' id='block_1_2' title="bbox 139 431 1217 515">
    <p class='ocr_par' dir='ltr' id='par_1_2' title="bbox 139 431 1217 515">
     <span class='ocr_line' id='line_1_2' title="bbox 139 431 1217 515; baseline 0.003 -21"><span class='ocrx_word' id='word_1_3' title='bbox 139 433 208 496; x_wconf 82' lang='lat' dir='ltr'><strong>vitia</strong></span> <span class='ocrx_word' id='word_1_4' title='bbox 229 433 409 507; x_wconf 86' lang='lat' dir='ltr'><strong>amicorum,</strong></span> <span class='ocrx_word' id='word_1_5' title='bbox 430 442 493 494; x_wconf 92' lang='lat' dir='ltr'><strong>tum</strong></span> <span class='ocrx_word' id='word_1_6' title='bbox 514 433 546 494; x_wconf 91' lang='lat' dir='ltr'><strong>in</strong></span> <span class='ocrx_word' id='word_1_7' title='bbox 568 433 651 514; x_wconf 90' lang='lat' dir='ltr'><strong>ipsos</strong></span> <span class='ocrx_word' id='word_1_8' title='bbox 671 433 783 494; x_wconf 88' lang='lat' dir='ltr'><strong>amicos</strong></span> <span class='ocrx_word' id='word_1_9' title='bbox 803 441 866 494; x_wconf 94' lang='lat' dir='ltr'><strong>tum</strong></span> <span class='ocrx_word' id='word_1_10' title='bbox 887 433 919 494; x_wconf 92' lang='lat' dir='ltr'><strong>in</strong></span> <span class='ocrx_word' id='word_1_11' title='bbox 939 431 1069 508; x_wconf 88' lang='lat' dir='ltr'><strong>alienos,</strong></span> <span class='ocrx_word' id='word_1_12' title='bbox 1090 451 1217 515; x_wconf 85' lang='lat' dir='ltr'><strong>quorum</strong></span> 
     </span>
    </p>
   </div>
   <div class='ocr_carea' id='block_1_3' title="bbox 43 518 1218 606">
    <p class='ocr_par' dir='ltr' id='par_1_3' title="bbox 43 518 1218 606">
     <span class='ocr_line' id='line_1_3' title="bbox 43 518 1218 606; baseline 0 -24"><span class='ocrx_word' id='word_1_13' title='bbox 43 585 51 606; x_wconf 84' lang='lat'><em>.</em></span> <span class='ocrx_word' id='word_1_14' title='bbox 141 529 238 582; x_wconf 89' lang='lat' dir='ltr'><strong>tamen</strong></span> <span class='ocrx_word' id='word_1_15' title='bbox 260 519 296 580; x_wconf 91' lang='lat' dir='ltr'><strong>ud</strong></span> <span class='ocrx_word' id='word_1_16' title='bbox 317 518 428 580; x_wconf 88' lang='lat' dir='ltr'><strong>amicos</strong></span> <span class='ocrx_word' id='word_1_17' title='bbox 442 519 586 580; x_wconf 74' lang='lat' dir='ltr'>redundet</span> <span class='ocrx_word' id='word_1_18' title='bbox 604 519 734 580; x_wconf 84' lang='lat' dir='ltr'><strong>iniamia.</strong></span> <span class='ocrx_word' id='word_1_19' title='bbox 764 518 853 580; x_wconf 80' lang='lat' dir='ltr'><strong>Tales</strong></span> <span class='ocrx_word' id='word_1_20' title='bbox 871 518 962 597; x_wconf 76' lang='lat' dir='ltr'><strong>igitur</strong></span> <span class='ocrx_word' id='word_1_21' title='bbox 984 518 1127 580; x_wconf 75' lang='lat' dir='ltr'><strong>amicitiae</strong></span> <span class='ocrx_word' id='word_1_22' title='bbox 1147 533 1218 584; x_wconf 88' lang='lat' dir='ltr'><strong>suut</strong></span> 
     </span>
    </p>
   </div>
   <div class='ocr_carea' id='block_1_4' title="bbox 139 602 1268 1452">
    <p class='ocr_par' dir='ltr' id='par_1_4' title="bbox 139 602 1268 1452">
     <span class='ocr_line' id='line_1_4' title="bbox 139 602 1218 679; baseline 0.001 -12"><span class='ocrx_word' id='word_1_23' title='bbox 139 604 316 667; x_wconf 75' lang='lat' dir='ltr'><strong>remissione</strong></span> <span class='ocrx_word' id='word_1_24' title='bbox 326 620 399 665; x_wconf 87' lang='lat' dir='ltr'><strong>usus</strong></span> <span class='ocrx_word' id='word_1_25' title='bbox 414 603 566 679; x_wconf 79' lang='lat' dir='ltr'><strong>eluendae,</strong></span> <span class='ocrx_word' id='word_1_26' title='bbox 581 615 611 666; x_wconf 92' lang='lat' dir='ltr'><strong>et</strong></span> <span class='ocrx_word' id='word_1_27' title='bbox 623 637 667 650; x_wconf 91' lang='lat'><strong>·-</strong></span> <span class='ocrx_word' id='word_1_28' title='bbox 681 613 714 664; x_wconf 93' lang='lat' dir='ltr'><strong>ut</strong></span> <span class='ocrx_word' id='word_1_29' title='bbox 725 602 867 666; x_wconf 85' lang='lat' dir='ltr'><strong>Catonem</strong></span> <span class='ocrx_word' id='word_1_30' title='bbox 882 603 981 666; x_wconf 87' lang='lat' dir='ltr'><strong>dicere</strong></span> <span class='ocrx_word' id='word_1_31' title='bbox 990 604 1087 665; x_wconf 82' lang='lat' dir='ltr'><strong>audivi</strong></span> <span class='ocrx_word' id='word_1_32' title='bbox 1102 639 1145 650; x_wconf 88' lang='lat'><em>-</em></span> <span class='ocrx_word' id='word_1_33' title='bbox 1158 607 1218 668; x_wconf 87' lang='lat' dir='ltr'><strong>dis·</strong></span> 
     </span>
     <span class='ocr_line' id='line_1_5' title="bbox 139 689 1218 769; baseline 0 -17"><span class='ocrx_word' id='word_1_34' title='bbox 139 689 271 752; x_wconf 78' lang='lat' dir='ltr'><strong>suendae</strong></span> <span class='ocrx_word' id='word_1_35' title='bbox 293 689 386 768; x_wconf 82' lang='lat' dir='ltr'><strong>magis</strong></span> <span class='ocrx_word' id='word_1_36' title='bbox 401 707 489 769; x_wconf 67' lang='grc' dir='ltr'>ιιιιιιιι</span> <span class='ocrx_word' id='word_1_37' title='bbox 511 689 733 752; x_wconf 81' lang='lat' dir='ltr'><strong>discindendae:</strong></span> <span class='ocrx_word' id='word_1_38' title='bbox 756 689 814 750; x_wconf 90' lang='lat' dir='ltr'><strong>nisi</strong></span> <span class='ocrx_word' id='word_1_39' title='bbox 837 689 979 769; x_wconf 88' lang='lat' dir='ltr'><strong>quaedam</strong></span> <span class='ocrx_word' id='word_1_40' title='bbox 1000 689 1156 750; x_wconf 78' lang='lat' dir='ltr'><strong>admodum</strong></span> <span class='ocrx_word' id='word_1_41' title='bbox 1171 691 1218 752; x_wconf 92' lang='lat' dir='ltr'><strong>in·</strong></span> 
     </span>
     <span class='ocr_line' id='line_1_6' title="bbox 140 774 1218 854; baseline 0.001 -18"><span class='ocrx_word' id='word_1_42' title='bbox 140 774 302 837; x_wconf 88' lang='lat' dir='ltr'><strong>tolerabilis</strong></span> <span class='ocrx_word' id='word_1_43' title='bbox 322 774 431 836; x_wconf 85' lang='lat' dir='ltr'><strong>iniuria</strong></span> <span class='ocrx_word' id='word_1_44' title='bbox 454 775 610 848; x_wconf 77' lang='lat' dir='ltr'><strong>exarserit,</strong></span> <span class='ocrx_word' id='word_1_45' title='bbox 634 784 665 836; x_wconf 89' lang='lat' dir='ltr'><strong>ut</strong></span> <span class='ocrx_word' id='word_1_46' title='bbox 687 789 785 853; x_wconf 87' lang='lat' dir='ltr'><strong>neque</strong></span> <span class='ocrx_word' id='word_1_47' title='bbox 804 782 919 836; x_wconf 87' lang='lat' dir='ltr'><strong>rectum</strong></span> <span class='ocrx_word' id='word_1_48' title='bbox 942 791 1039 854; x_wconf 87' lang='lat' dir='ltr'><strong>neque</strong></span> <span class='ocrx_word' id='word_1_49' title='bbox 1060 774 1218 837; x_wconf 88' lang='lat' dir='ltr'><strong>honestum</strong></span> 
     </span>
     <span class='ocr_line' id='line_1_7' title="bbox 139 859 1217 941; baseline 0 -19"><span class='ocrx_word' id='word_1_50' title='bbox 139 861 179 922; x_wconf 89' lang='lat' dir='ltr'><strong>sit</strong></span> <span class='ocrx_word' id='word_1_51' title='bbox 194 879 250 922; x_wconf 89' lang='lat' dir='ltr'><strong>nec</strong></span> <span class='ocrx_word' id='word_1_52' title='bbox 264 859 328 921; x_wconf 87' lang='lat' dir='ltr'><strong>lieri</strong></span> <span class='ocrx_word' id='word_1_53' title='bbox 343 860 438 941; x_wconf 89' lang='lat' dir='ltr'><strong>possit</strong></span> <span class='ocrx_word' id='word_1_54' title='bbox 453 869 486 922; x_wconf 91' lang='lat' dir='ltr'><strong>ut</strong></span> <span class='ocrx_word' id='word_1_55' title='bbox 498 879 560 922; x_wconf 90' lang='lat' dir='ltr'><strong>non</strong></span> <span class='ocrx_word' id='word_1_56' title='bbox 577 860 675 924; x_wconf 86' lang='lat' dir='ltr'><strong>statim</strong></span> <span class='ocrx_word' id='word_1_57' title='bbox 689 859 826 920; x_wconf 87' lang='lat' dir='ltr'><strong>alienatio</strong></span> <span class='ocrx_word' id='word_1_58' title='bbox 847 859 1066 940; x_wconf 80' lang='lat' dir='ltr'><strong>disiunctioque</strong></span> <span class='ocrx_word' id='word_1_59' title='bbox 1086 860 1217 922; x_wconf 89' lang='lat' dir='ltr'><strong>iacienda</strong></span> 
     </span>
     <span class='ocr_line' id='line_1_8' title="bbox 140 944 1268 1025; baseline 0.001 -18"><span class='ocrx_word' id='word_1_60' title='bbox 140 946 188 1007; x_wconf 85' lang='lat' dir='ltr'><strong>sit.</strong></span> <span class='ocrx_word' id='word_1_61' title='bbox 219 945 272 1006; x_wconf 81' lang='lat' dir='ltr'><strong>Sin</strong></span> <span class='ocrx_word' id='word_1_62' title='bbox 292 951 390 1006; x_wconf 89' lang='lat' dir='ltr'><strong>autem</strong></span> <span class='ocrx_word' id='word_1_63' title='bbox 404 953 456 1006; x_wconf 85' lang='lat' dir='ltr'><strong>aut</strong></span> <span class='ocrx_word' id='word_1_64' title='bbox 476 960 594 1007; x_wconf 84' lang='lat' dir='ltr'><strong>morum</strong></span> <span class='ocrx_word' id='word_1_65' title='bbox 614 953 665 1007; x_wconf 91' lang='lat' dir='ltr'><strong>aut</strong></span> <span class='ocrx_word' id='word_1_66' title='bbox 679 944 843 1006; x_wconf 91' lang='lat' dir='ltr'><strong>studiorum</strong></span> <span class='ocrx_word' id='word_1_67' title='bbox 866 944 1057 1008; x_wconf 89' lang='lat' dir='ltr'><strong>commutatio</strong></span> <span class='ocrx_word' id='word_1_68' title='bbox 1076 947 1218 1025; x_wconf 84' lang='lat' dir='ltr'><strong>quaedam</strong></span> <span class='ocrx_word' id='word_1_69' title='bbox 1238 959 1268 1008; x_wconf 78' lang='lat' dir='ltr'><strong>tt</strong></span> 
     </span>
     <span class='ocr_line' id='line_1_9' title="bbox 139 1029 1218 1111; baseline 0 -19"><span class='ocrx_word' id='word_1_70' title='bbox 139 1065 184 1076; x_wconf 95' lang='lat'>—</span> <span class='ocrx_word' id='word_1_71' title='bbox 199 1030 310 1092; x_wconf 82' lang='lat' dir='ltr'><strong>utheri</strong></span> <span class='ocrx_word' id='word_1_72' title='bbox 325 1030 401 1091; x_wconf 89' lang='lat' dir='ltr'><strong>solet</strong></span> <span class='ocrx_word' id='word_1_73' title='bbox 414 1063 458 1077; x_wconf 86' lang='lat'><strong>--</strong></span> <span class='ocrx_word' id='word_1_74' title='bbox 472 1031 549 1092; x_wconf 83' lang='lat' dir='ltr'><strong>facta</strong></span> <span class='ocrx_word' id='word_1_75' title='bbox 563 1030 628 1104; x_wconf 85' lang='lat' dir='ltr'><strong>erit,</strong></span> <span class='ocrx_word' id='word_1_76' title='bbox 644 1038 695 1092; x_wconf 87' lang='lat' dir='ltr'><strong>aut</strong></span> <span class='ocrx_word' id='word_1_77' title='bbox 708 1029 739 1090; x_wconf 92' lang='lat' dir='ltr'><strong>in</strong></span> <span class='ocrx_word' id='word_1_78' title='bbox 753 1029 943 1110; x_wconf 84' lang='lat' dir='ltr'><strong>reipublicae</strong></span> <span class='ocrx_word' id='word_1_79' title='bbox 958 1029 1090 1111; x_wconf 89' lang='lat' dir='ltr'><strong>partibus</strong></span> <span class='ocrx_word' id='word_1_80' title='bbox 1104 1029 1218 1092; x_wconf 89' lang='lat' dir='ltr'><strong>dissen-</strong></span> 
     </span>
     <span class='ocr_line' id='line_1_10' title="bbox 141 1115 1217 1196; baseline 0.001 -20"><span class='ocrx_word' id='word_1_81' title='bbox 141 1117 186 1177; x_wconf 88' lang='lat' dir='ltr'><strong>sio</strong></span> <span class='ocrx_word' id='word_1_82' title='bbox 207 1115 423 1178; x_wconf 76' lang='lat' dir='ltr'><strong>intercesserit:</strong></span> <span class='ocrx_word' id='word_1_83' title='bbox 443 1115 552 1196; x_wconf 85' lang='lat' dir='ltr'><strong>loquor</strong></span> <span class='ocrx_word' id='word_1_84' title='bbox 565 1115 644 1176; x_wconf 89' lang='lat' dir='ltr'><strong>enim</strong></span> <span class='ocrx_word' id='word_1_85' title='bbox 659 1115 733 1188; x_wconf 88' lang='lat' dir='ltr'><strong>iam,</strong></span> <span class='ocrx_word' id='word_1_86' title='bbox 752 1124 787 1176; x_wconf 92' lang='lat' dir='ltr'><strong>ut</strong></span> <span class='ocrx_word' id='word_1_87' title='bbox 806 1115 896 1195; x_wconf 83' lang='lat' dir='ltr'><strong>paulo</strong></span> <span class='ocrx_word' id='word_1_88' title='bbox 915 1125 984 1176; x_wconf 91' lang='lat' dir='ltr'><strong>ante</strong></span> <span class='ocrx_word' id='word_1_89' title='bbox 1006 1115 1081 1189; x_wconf 84' lang='lat' dir='ltr'><strong>dixi,</strong></span> <span class='ocrx_word' id='word_1_90' title='bbox 1104 1118 1217 1178; x_wconf 85' lang='lat' dir='ltr'><strong>nonde</strong></span> 
     </span>
     <span class='ocr_line' id='line_1_11' title="bbox 140 1199 1217 1282; baseline 0 -19"><span class='ocrx_word' id='word_1_91' title='bbox 140 1201 319 1282; x_wconf 88' lang='lat' dir='ltr'><strong>sapientium</strong></span> <span class='ocrx_word' id='word_1_92' title='bbox 334 1201 385 1262; x_wconf 91' lang='lat' dir='ltr'><strong>sed</strong></span> <span class='ocrx_word' id='word_1_93' title='bbox 400 1201 437 1264; x_wconf 91' lang='lat' dir='ltr'><strong>de</strong></span> <span class='ocrx_word' id='word_1_94' title='bbox 452 1199 661 1262; x_wconf 80' lang='lat' dir='ltr'><strong>communibus</strong></span> <span class='ocrx_word' id='word_1_95' title='bbox 674 1200 826 1262; x_wconf 83' lang='lat' dir='ltr'><strong>amicitiis:</strong></span> <span class='ocrx_word' id='word_1_96' title='bbox 848 1200 1009 1262; x_wconf 85' lang='lat' dir='ltr'><strong>cavendum</strong></span> <span class='ocrx_word' id='word_1_97' title='bbox 1030 1199 1088 1262; x_wconf 88' lang='lat' dir='ltr'><strong>erit</strong></span> <span class='ocrx_word' id='word_1_98' title='bbox 1103 1219 1141 1262; x_wconf 92' lang='lat' dir='ltr'><strong>ne</strong></span> <span class='ocrx_word' id='word_1_99' title='bbox 1157 1219 1217 1263; x_wconf 93' lang='lat' dir='ltr'><strong>uon</strong></span> 
     </span>
     <span class='ocr_line' id='line_1_12' title="bbox 141 1285 1218 1366; baseline -0.001 -18"><span class='ocrx_word' id='word_1_100' title='bbox 141 1287 238 1351; x_wconf 89' lang='lat' dir='ltr'><strong>solum</strong></span> <span class='ocrx_word' id='word_1_101' title='bbox 252 1285 398 1347; x_wconf 85' lang='lat' dir='ltr'><strong>amicitiae</strong></span> <span class='ocrx_word' id='word_1_102' title='bbox 409 1285 569 1366; x_wconf 85' lang='lat' dir='ltr'><strong>depositae,</strong></span> <span class='ocrx_word' id='word_1_103' title='bbox 584 1285 731 1347; x_wconf 88' lang='lat' dir='ltr'><strong>sedetiam</strong></span> <span class='ocrx_word' id='word_1_104' title='bbox 745 1285 917 1348; x_wconf 87' lang='lat' dir='ltr'><strong>inimicitiae</strong></span> <span class='ocrx_word' id='word_1_105' title='bbox 932 1295 1086 1366; x_wconf 87' lang='lat' dir='ltr'><strong>susceptae</strong></span> <span class='ocrx_word' id='word_1_106' title='bbox 1100 1286 1218 1348; x_wconf 87' lang='lat' dir='ltr'><strong>videan-</strong></span> 
     </span>
     <span class='ocr_line' id='line_1_13' title="bbox 142 1370 1218 1452; baseline 0.001 -20"><span class='ocrx_word' id='word_1_107' title='bbox 142 1381 200 1432; x_wconf 87' lang='lat' dir='ltr'><strong>tur.</strong></span> <span class='ocrx_word' id='word_1_108' title='bbox 229 1370 308 1433; x_wconf 88' lang='lat' dir='ltr'><strong>Nihil</strong></span> <span class='ocrx_word' id='word_1_109' title='bbox 329 1371 409 1431; x_wconf 90' lang='lat' dir='ltr'><strong>enim</strong></span> <span class='ocrx_word' id='word_1_110' title='bbox 430 1371 547 1452; x_wconf 88' lang='lat' dir='ltr'><strong>turpius</strong></span> <span class='ocrx_word' id='word_1_111' title='bbox 569 1384 657 1452; x_wconf 89' lang='lat' dir='ltr'><strong>quam</strong></span> <span class='ocrx_word' id='word_1_112' title='bbox 673 1389 740 1432; x_wconf 88' lang='lat' dir='ltr'><strong>cum</strong></span> <span class='ocrx_word' id='word_1_113' title='bbox 761 1389 796 1431; x_wconf 93' lang='lat' dir='ltr'><strong>eo</strong></span> <span class='ocrx_word' id='word_1_114' title='bbox 817 1371 928 1432; x_wconf 89' lang='lat' dir='ltr'><strong>bellum</strong></span> <span class='ocrx_word' id='word_1_115' title='bbox 948 1388 1066 1450; x_wconf 72' lang='lat' dir='ltr'><strong>gerere,</strong></span> <span class='ocrx_word' id='word_1_116' title='bbox 1089 1389 1218 1452; x_wconf 87' lang='lat' dir='ltr'><strong>quocum</strong></span> 
     </span>
    </p>
   </div>
   <div class='ocr_carea' id='block_1_5' title="bbox 44 1455 1218 1537">
    <p class='ocr_par' dir='ltr' id='par_1_5' title="bbox 44 1455 1218 1537">
     <span class='ocr_line' id='line_1_14' title="bbox 44 1455 1218 1537; baseline 0.003 -21"><span class='ocrx_word' id='word_1_117' title='bbox 44 1484 46 1488; x_wconf 31' lang='lat' dir='ltr'>v</span> <span class='ocrx_word' id='word_1_118' title='bbox 142 1455 327 1518; x_wconf 82' lang='lat' dir='ltr'><strong>familiariter</strong></span> <span class='ocrx_word' id='word_1_119' title='bbox 340 1455 457 1516; x_wconf 85' lang='lat' dir='ltr'><strong>vixeris.</strong></span> <span class='ocrx_word' id='word_1_120' title='bbox 486 1457 531 1518; x_wconf 83' lang='lat' dir='ltr'><strong>Ab</strong></span> <span class='ocrx_word' id='word_1_121' title='bbox 549 1455 725 1526; x_wconf 76' lang='lat' dir='ltr'><strong>amicitiai).</strong></span> <span class='ocrx_word' id='word_1_122' title='bbox 747 1455 880 1537; x_wconf 87' lang='lat' dir='ltr'><strong>Pompeii</strong></span> <span class='ocrx_word' id='word_1_123' title='bbox 899 1473 967 1516; x_wconf 91' lang='lat' dir='ltr'><strong>meo</strong></span> <span class='ocrx_word' id='word_1_124' title='bbox 983 1457 1104 1517; x_wconf 89' lang='lat' dir='ltr'><strong>nominc</strong></span> <span class='ocrx_word' id='word_1_125' title='bbox 1125 1475 1158 1519; x_wconf 87' lang='lat' dir='ltr'><strong>se</strong></span> <span class='ocrx_word' id='word_1_126' title='bbox 1170 1475 1218 1519; x_wconf 85' lang='lat' dir='ltr'><strong>re·</strong></span> 
     </span>
    </p>
   </div>
   <div class='ocr_carea' id='block_1_6' title="bbox 142 1541 1219 1707">
    <p class='ocr_par' dir='ltr' id='par_1_6' title="bbox 142 1541 1219 1707">
     <span class='ocr_line' id='line_1_15' title="bbox 142 1541 1219 1623; baseline 0.003 -22"><span class='ocrx_word' id='word_1_127' title='bbox 142 1551 289 1616; x_wconf 83' lang='lat' dir='ltr'><strong>moverat,</strong></span> <span class='ocrx_word' id='word_1_128' title='bbox 307 1549 343 1602; x_wconf 92' lang='lat' dir='ltr'><strong>ut</strong></span> <span class='ocrx_word' id='word_1_129' title='bbox 363 1541 461 1617; x_wconf 87' lang='lat' dir='ltr'><strong>scitis,</strong></span> <span class='ocrx_word' id='word_1_130' title='bbox 484 1542 600 1622; x_wconf 88' lang='lat' dir='ltr'><strong>Scipio;</strong></span> <span class='ocrx_word' id='word_1_131' title='bbox 622 1549 746 1622; x_wconf 86' lang='lat' dir='ltr'><strong>propter</strong></span> <span class='ocrx_word' id='word_1_132' title='bbox 766 1541 980 1602; x_wconf 85' lang='lat' dir='ltr'><strong>dissensionem</strong></span> <span class='ocrx_word' id='word_1_133' title='bbox 1006 1551 1121 1614; x_wconf 87' lang='lat' dir='ltr'><strong>autem,</strong></span> <span class='ocrx_word' id='word_1_134' title='bbox 1144 1559 1219 1623; x_wconf 90' lang='lat' dir='ltr'><strong>quae</strong></span> 
     </span>
     <span class='ocr_line' id='line_1_16' title="bbox 143 1625 1219 1707; baseline 0.002 -19"><span class='ocrx_word' id='word_1_135' title='bbox 143 1635 205 1688; x_wconf 89' lang='lat' dir='ltr'><strong>erat</strong></span> <span class='ocrx_word' id='word_1_136' title='bbox 220 1627 251 1688; x_wconf 92' lang='lat' dir='ltr'><strong>in</strong></span> <span class='ocrx_word' id='word_1_137' title='bbox 265 1645 299 1688; x_wconf 89' lang='lat' dir='ltr'><strong>rc</strong></span> <span class='ocrx_word' id='word_1_138' title='bbox 313 1625 442 1707; x_wconf 84' lang='lat' dir='ltr'><strong>publica,</strong></span> <span class='ocrx_word' id='word_1_139' title='bbox 456 1627 600 1690; x_wconf 66' lang='lat' dir='ltr'><strong>menaeus</strong></span> <span class='ocrx_word' id='word_1_140' title='bbox 614 1637 659 1689; x_wconf 87' lang='lat' dir='ltr'><strong>cst</strong></span> <span class='ocrx_word' id='word_1_141' title='bbox 673 1645 690 1688; x_wconf 90' lang='lat' dir='ltr'><strong>a</strong></span> <span class='ocrx_word' id='word_1_142' title='bbox 710 1626 822 1706; x_wconf 82' lang='lat' dir='ltr'><strong>collega</strong></span> <span class='ocrx_word' id='word_1_143' title='bbox 838 1635 945 1688; x_wconf 87' lang='lat' dir='ltr'><strong>nostro-</strong></span> <span class='ocrx_word' id='word_1_144' title='bbox 955 1627 1087 1688; x_wconf 87' lang='lat' dir='ltr'><strong>lletello:</strong></span> <span class='ocrx_word' id='word_1_145' title='bbox 1103 1637 1219 1690; x_wconf 90' lang='lat' dir='ltr'><strong>utrum·</strong></span> 
     </span>
    </p>
   </div>
   <div class='ocr_carea' id='block_1_7' title="bbox 140 1761 659 3998">
    <p class='ocr_par' dir='ltr' id='par_1_7' title="bbox 146 1761 655 1881">
     <span class='ocr_line' id='line_1_17' title="bbox 179 1761 655 1812; baseline 0 -2"><span class='ocrx_word' id='word_1_146' title='bbox 179 1765 234 1810; x_wconf 80' lang='lat' dir='ltr'><strong>tunc</strong></span> <span class='ocrx_word' id='word_1_147' title='bbox 251 1787 286 1798; x_wconf 95' lang='lat'><em>-</em></span> <span class='ocrx_word' id='word_1_148' title='bbox 303 1764 361 1810; x_wconf 85' lang='lat' dir='ltr'><strong>tum</strong></span> <span class='ocrx_word' id='word_1_149' title='bbox 372 1781 406 1802; x_wconf 82' lang='lat'><strong>=</strong></span> <span class='ocrx_word' id='word_1_150' title='bbox 420 1761 500 1812; x_wconf 84' lang='lat' dir='ltr'><strong>ruodo</strong></span> <span class='ocrx_word' id='word_1_151' title='bbox 511 1789 546 1800; x_wconf 93' lang='lat'>-</span> <span class='ocrx_word' id='word_1_152' title='bbox 562 1761 655 1812; x_wconf 74' lang='lat' dir='ltr'><strong>niodo:</strong></span> 
     </span>
     <span class='ocr_line' id='line_1_18' title="bbox 146 1829 599 1881; baseline 0.002 -1"><span class='ocrx_word' id='word_1_153' title='bbox 146 1843 206 1880; x_wconf 84' lang='lat' dir='ltr'><strong>cum</strong></span> <span class='ocrx_word' id='word_1_154' title='bbox 222 1855 257 1866; x_wconf 91' lang='lat'><strong>--</strong></span> <span class='ocrx_word' id='word_1_155' title='bbox 274 1831 332 1878; x_wconf 84' lang='lat' dir='ltr'><strong>ium</strong></span> <span class='ocrx_word' id='word_1_156' title='bbox 349 1829 418 1880; x_wconf 77' lang='lat' dir='ltr'><strong>wire</strong></span> <span class='ocrx_word' id='word_1_157' title='bbox 435 1829 599 1881; x_wconf 84' lang='lat' dir='ltr'><strong>unslatlhalt.</strong></span> 
     </span>
    </p>

    <p class='ocr_par' dir='ltr' id='par_1_8' title="bbox 140 1895 655 2031">
     <span class='ocr_line' id='line_1_19' title="bbox 180 1895 655 1961; baseline 0.006 -15"><span class='ocrx_word' id='word_1_158' title='bbox 180 1910 295 1961; x_wconf 80' lang='lat' dir='ltr'><strong>quorum</strong></span> <span class='ocrx_word' id='word_1_159' title='bbox 311 1895 387 1948; x_wconf 75' lang='lat' dir='ltr'><strong>nhml.</strong></span> <span class='ocrx_word' id='word_1_160' title='bbox 405 1900 436 1948; x_wconf 88' lang='lat' dir='ltr'><strong>in</strong></span> <span class='ocrx_word' id='word_1_161' title='bbox 452 1897 556 1948; x_wconf 75' lang='lat' dir='ltr'><strong>elienor</strong></span> <span class='ocrx_word' id='word_1_162' title='bbox 569 1913 655 1948; x_wconf 75' lang='lat' dir='ltr'><strong>mem-</strong></span> 
     </span>
     <span class='ocr_line' id='line_1_20' title="bbox 140 1967 417 2031; baseline -0.004 -17"><span class='ocrx_word' id='word_1_163' title='bbox 140 1967 264 2031; x_wconf 83' lang='lat' dir='ltr'><strong>peniium</strong></span> <span class='ocrx_word' id='word_1_164' title='bbox 281 1967 417 2016; x_wconf 83' lang='lat' dir='ltr'><strong>uitiorum.</strong></span> 
     </span>
    </p>

    <p class='ocr_par' dir='ltr' id='par_1_9' title="bbox 145 2031 654 2234">
     <span class='ocr_line' id='line_1_21' title="bbox 179 2031 654 2096; baseline 0 -14"><span class='ocrx_word' id='word_1_165' title='bbox 179 2032 318 2083; x_wconf 81' lang='lat' dir='ltr'><strong>redundet.</strong></span> <span class='ocrx_word' id='word_1_166' title='bbox 345 2031 394 2084; x_wconf 83' lang='lat' dir='ltr'><strong>ller</strong></span> <span class='ocrx_word' id='word_1_167' title='bbox 412 2033 484 2096; x_wconf 82' lang='lat' dir='ltr'><strong>GonJ&#39;.</strong></span> <span class='ocrx_word' id='word_1_168' title='bbox 501 2031 654 2084; x_wconf 84' lang='lat' dir='ltr'><strong>bezeichnet</strong></span> 
     </span>
     <span class='ocr_line' id='line_1_22' title="bbox 145 2099 654 2166; baseline -0.004 -14"><span class='ocrx_word' id='word_1_169' title='bbox 145 2101 203 2153; x_wconf 87' lang='lat' dir='ltr'><strong>eine</strong></span> <span class='ocrx_word' id='word_1_170' title='bbox 227 2100 394 2152; x_wconf 84' lang='lat' dir='ltr'><strong>wesentliche</strong></span> <span class='ocrx_word' id='word_1_171' title='bbox 414 2099 580 2166; x_wconf 71' lang='lat' dir='ltr'><strong>ffigemchait</strong></span> <span class='ocrx_word' id='word_1_172' title='bbox 601 2099 654 2151; x_wconf 89' lang='lat' dir='ltr'><strong>und</strong></span> 
     </span>
     <span class='ocr_line' id='line_1_23' title="bbox 147 2167 644 2234; baseline -0.004 -14"><span class='ocrx_word' id='word_1_173' title='bbox 147 2168 330 2233; x_wconf 80' lang='lat' dir='ltr'><strong>nothwendige</strong></span> <span class='ocrx_word' id='word_1_174' title='bbox 347 2167 427 2234; x_wconf 81' lang='lat' dir='ltr'><strong>Folgc</strong></span> <span class='ocrx_word' id='word_1_175' title='bbox 445 2169 529 2220; x_wconf 90' lang='lat' dir='ltr'><strong>dieser</strong></span> <span class='ocrx_word' id='word_1_176' title='bbox 546 2167 644 2219; x_wconf 82' lang='lat' dir='ltr'><strong>Fehler.</strong></span> 
     </span>
    </p>

    <p class='ocr_par' dir='ltr' id='par_1_10' title="bbox 146 2233 658 2424">
     <span class='ocr_line' id='line_1_24' title="bbox 181 2233 658 2298; baseline 0 -12"><span class='ocrx_word' id='word_1_177' title='bbox 181 2239 336 2286; x_wconf 64' lang='lat' dir='ltr'><strong>rmnieuone</strong></span> <span class='ocrx_word' id='word_1_178' title='bbox 352 2251 416 2286; x_wconf 71' lang='lat' dir='ltr'><strong>unce</strong></span> <span class='ocrx_word' id='word_1_179' title='bbox 439 2235 519 2288; x_wconf 90' lang='lat' dir='ltr'><strong>durch</strong></span> <span class='ocrx_word' id='word_1_180' title='bbox 542 2235 584 2286; x_wconf 86' lang='lat' dir='ltr'><strong>elu</strong></span> <span class='ocrx_word' id='word_1_181' title='bbox 601 2233 658 2298; x_wconf 88' lang='lat' dir='ltr'><strong>(all-</strong></span> 
     </span>
     <span class='ocr_line' id='line_1_25' title="bbox 146 2303 657 2370; baseline 0.002 -15"><span class='ocrx_word' id='word_1_182' title='bbox 146 2303 298 2365; x_wconf 76' lang='lat' dir='ltr'><strong>mihliches)</strong></span> <span class='ocrx_word' id='word_1_183' title='bbox 310 2303 468 2355; x_wconf 87' lang='lat' dir='ltr'><strong>Nachlassen</strong></span> <span class='ocrx_word' id='word_1_184' title='bbox 485 2303 520 2354; x_wconf 89' lang='lat' dir='ltr'><strong>im</strong></span> <span class='ocrx_word' id='word_1_185' title='bbox 533 2303 657 2370; x_wconf 74' lang='lat' dir='ltr'><strong>Uruganp.</strong></span> 
     </span>
     <span class='ocr_line' id='line_1_26' title="bbox 146 2371 605 2424; baseline -0.002 -1"><span class='ocrx_word' id='word_1_186' title='bbox 146 2371 282 2424; x_wconf 87' lang='lat' dir='ltr'><strong>Welshalb</strong></span> <span class='ocrx_word' id='word_1_187' title='bbox 300 2371 371 2424; x_wconf 91' lang='lat' dir='ltr'><strong>nicht</strong></span> <span class='ocrx_word' id='word_1_188' title='bbox 388 2374 605 2422; x_wconf 69' lang='lat' dir='ltr'><strong>inicrnrueionet</strong></span> 
     </span>
    </p>

    <p class='ocr_par' dir='ltr' id='par_1_11' title="bbox 146 2433 657 2628">
     <span class='ocr_line' id='line_1_27' title="bbox 182 2433 657 2505; baseline -0.002 -14"><span class='ocrx_word' id='word_1_189' title='bbox 182 2433 464 2505; x_wconf 80' lang='lat' dir='ltr'><strong>dicerenicht‘sagen&#39;‚</strong></span> <span class='ocrx_word' id='word_1_190' title='bbox 474 2433 657 2492; x_wconf 81' lang='lat' dir='ltr'><strong>sondem‘dals</strong></span> 
     </span>
     <span class='ocr_line' id='line_1_28' title="bbox 147 2501 657 2576; baseline 0.002 -16"><span class='ocrx_word' id='word_1_191' title='bbox 147 2523 175 2560; x_wconf 90' lang='lat' dir='ltr'><strong>er</strong></span> <span class='ocrx_word' id='word_1_192' title='bbox 192 2503 272 2574; x_wconf 80' lang='lat' dir='ltr'><strong>sagte’</strong></span> <span class='ocrx_word' id='word_1_193' title='bbox 293 2507 355 2560; x_wconf 87' lang='lat' dir='ltr'><strong>oder</strong></span> <span class='ocrx_word' id='word_1_194' title='bbox 377 2501 417 2560; x_wconf 85' lang='lat' dir='ltr'><strong>‘au</strong></span> <span class='ocrx_word' id='word_1_195' title='bbox 440 2522 519 2574; x_wconf 78' lang='lat' dir='ltr'><strong>sagon</strong></span> <span class='ocrx_word' id='word_1_196' title='bbox 542 2505 657 2576; x_wconf 74' lang='lat' dir='ltr'><strong>pilegte’.</strong></span> 
     </span>
     <span class='ocr_line' id='line_1_29' title="bbox 146 2576 468 2628; baseline -0.003 0"><span class='ocrx_word' id='word_1_197' title='bbox 146 2576 224 2628; x_wconf 86' lang='lat' dir='ltr'><strong>lenes</strong></span> <span class='ocrx_word' id='word_1_198' title='bbox 243 2578 312 2628; x_wconf 78' lang='lat' dir='ltr'><strong>wire</strong></span> <span class='ocrx_word' id='word_1_199' title='bbox 329 2577 468 2628; x_wconf 72' lang='lat' dir='ltr'><strong>dicentur.</strong></span> 
     </span>
    </p>

    <p class='ocr_par' dir='ltr' id='par_1_12' title="bbox 145 2643 659 3512">
     <span class='ocr_line' id='line_1_30' title="bbox 181 2643 657 2696; baseline -0.002 0"><span class='ocrx_word' id='word_1_200' title='bbox 181 2643 587 2696; x_wconf 66' lang='lat' dir='ltr'><strong>aerumnae-discindentes.</strong></span> <span class='ocrx_word' id='word_1_201' title='bbox 606 2643 657 2695; x_wconf 84' lang='lat' dir='ltr'><strong>llas</strong></span> 
     </span>
     <span class='ocr_line' id='line_1_31' title="bbox 146 2712 658 2764; baseline -0.004 0"><span class='ocrx_word' id='word_1_202' title='bbox 146 2712 429 2764; x_wconf 80' lang='lat' dir='ltr'><strong>Auseinandertrennen</strong></span> <span class='ocrx_word' id='word_1_203' title='bbox 446 2713 499 2764; x_wconf 90' lang='lat' dir='ltr'><strong>und</strong></span> <span class='ocrx_word' id='word_1_204' title='bbox 516 2712 658 2764; x_wconf 81' lang='lat' dir='ltr'><strong>huseinan-</strong></span> 
     </span>
     <span class='ocr_line' id='line_1_32' title="bbox 148 2777 656 2845; baseline -0.002 -12"><span class='ocrx_word' id='word_1_205' title='bbox 148 2779 288 2833; x_wconf 86' lang='lat' dir='ltr'><strong>derreilsen</strong></span> <span class='ocrx_word' id='word_1_206' title='bbox 300 2783 358 2845; x_wconf 68' lang='lat' dir='ltr'><strong>sapt</strong></span> <span class='ocrx_word' id='word_1_207' title='bbox 369 2777 494 2844; x_wconf 85' lang='lat' dir='ltr'><strong>dacselhc,</strong></span> <span class='ocrx_word' id='word_1_208' title='bbox 507 2780 598 2832; x_wconf 80' lang='lat' dir='ltr'><strong>wlede</strong></span> <span class='ocrx_word' id='word_1_209' title='bbox 608 2778 656 2832; x_wconf 82' lang='lat' dir='ltr'><strong>Off.</strong></span> 
     </span>
     <span class='ocr_line' id='line_1_33' title="bbox 146 2847 658 2902; baseline -0.004 -3"><span class='ocrx_word' id='word_1_210' title='bbox 146 2847 164 2900; x_wconf 93' lang='lat' dir='ltr'><strong>l.</strong></span> <span class='ocrx_word' id='word_1_211' title='bbox 184 2849 224 2902; x_wconf 81' lang='lat'><strong>33.</strong></span> <span class='ocrx_word' id='word_1_212' title='bbox 247 2851 294 2900; x_wconf 69' lang='lat' dir='ltr'><strong>lii)</strong></span> <span class='ocrx_word' id='word_1_213' title='bbox 311 2850 408 2898; x_wconf 66' lang='lat' dir='ltr'><strong>rennui</strong></span> <span class='ocrx_word' id='word_1_214' title='bbox 425 2847 530 2898; x_wconf 85' lang='lat' dir='ltr'><strong>diluere</strong></span> <span class='ocrx_word' id='word_1_215' title='bbox 546 2847 599 2899; x_wconf 94' lang='lat' dir='ltr'><strong>und</strong></span> <span class='ocrx_word' id='word_1_216' title='bbox 615 2863 658 2897; x_wconf 86' lang='lat' dir='ltr'><strong>re-</strong></span> 
     </span>
     <span class='ocr_line' id='line_1_34' title="bbox 145 2914 657 2983; baseline 0.002 -17"><span class='ocrx_word' id='word_1_217' title='bbox 145 2921 226 2983; x_wconf 86' lang='lat' dir='ltr'><strong>pente</strong></span> <span class='ocrx_word' id='word_1_218' title='bbox 235 2915 393 2982; x_wconf 83' lang='lat' dir='ltr'><strong>praecidere</strong></span> <span class='ocrx_word' id='word_1_219' title='bbox 405 2915 577 2976; x_wconf 79' lang='lat' dir='ltr'><strong>(abbrechen).</strong></span> <span class='ocrx_word' id='word_1_220' title='bbox 595 2914 657 2967; x_wconf 84' lang='lat' dir='ltr'><strong>llals</strong></span> 
     </span>
     <span class='ocr_line' id='line_1_35' title="bbox 147 2982 659 3050; baseline -0.004 -14"><span class='ocrx_word' id='word_1_221' title='bbox 147 2985 218 3050; x_wconf 82' lang='lat' dir='ltr'><strong>dart,</strong></span> <span class='ocrx_word' id='word_1_222' title='bbox 244 2984 294 3036; x_wconf 83' lang='lat' dir='ltr'><strong>wie</strong></span> <span class='ocrx_word' id='word_1_223' title='bbox 311 2997 340 3035; x_wconf 87' lang='lat' dir='ltr'><strong>cs</strong></span> <span class='ocrx_word' id='word_1_224' title='bbox 363 2983 428 3036; x_wconf 88' lang='lat' dir='ltr'><strong>auch</strong></span> <span class='ocrx_word' id='word_1_225' title='bbox 446 2983 488 3035; x_wconf 89' lang='lat' dir='ltr'><strong>die</strong></span> <span class='ocrx_word' id='word_1_226' title='bbox 505 2982 584 3036; x_wconf 83' lang='lat' dir='ltr'><strong>Godd.</strong></span> <span class='ocrx_word' id='word_1_227' title='bbox 601 2997 659 3034; x_wconf 82' lang='lat' dir='ltr'><strong>ver-</strong></span> 
     </span>
     <span class='ocr_line' id='line_1_36' title="bbox 146 3051 658 3118; baseline -0.002 -14"><span class='ocrx_word' id='word_1_228' title='bbox 146 3052 249 3118; x_wconf 78' lang='lat' dir='ltr'><strong>langen,</strong></span> <span class='ocrx_word' id='word_1_229' title='bbox 267 3052 413 3103; x_wconf 80' lang='lat' dir='ltr'><strong>diheere—</strong></span> <span class='ocrx_word' id='word_1_230' title='bbox 424 3051 465 3103; x_wconf 84' lang='lat' dir='ltr'><strong>iiir</strong></span> <span class='ocrx_word' id='word_1_231' title='bbox 482 3051 528 3104; x_wconf 86' lang='lat' dir='ltr'><strong>das</strong></span> <span class='ocrx_word' id='word_1_232' title='bbox 539 3051 658 3118; x_wconf 87' lang='lat' dir='ltr'><strong>recipirte</strong></span> 
     </span>
     <span class='ocr_line' id='line_1_37' title="bbox 147 3117 659 3172; baseline -0.004 0"><span class='ocrx_word' id='word_1_233' title='bbox 147 3122 307 3172; x_wconf 75' lang='lat' dir='ltr'><strong>disneere—</strong></span> <span class='ocrx_word' id='word_1_234' title='bbox 316 3133 348 3172; x_wconf 88' lang='lat' dir='ltr'><strong>au</strong></span> <span class='ocrx_word' id='word_1_235' title='bbox 364 3120 435 3172; x_wconf 89' lang='lat' dir='ltr'><strong>lesen</strong></span> <span class='ocrx_word' id='word_1_236' title='bbox 448 3121 482 3171; x_wconf 82' lang='lat' dir='ltr'><strong>iet</strong></span> <span class='ocrx_word' id='word_1_237' title='bbox 494 3119 557 3171; x_wconf 86' lang='lat' dir='ltr'><strong>wird</strong></span> <span class='ocrx_word' id='word_1_238' title='bbox 573 3117 659 3171; x_wconf 88' lang='lat' dir='ltr'><strong>auiser</strong></span> 
     </span>
     <span class='ocr_line' id='line_1_38' title="bbox 147 3187 659 3254; baseline -0.004 -14"><span class='ocrx_word' id='word_1_239' title='bbox 147 3188 254 3240; x_wconf 81' lang='lat' dir='ltr'><strong>Zweiiel</strong></span> <span class='ocrx_word' id='word_1_240' title='bbox 263 3187 376 3254; x_wconf 74' lang='lat' dir='ltr'><strong>gestent,</strong></span> <span class='ocrx_word' id='word_1_241' title='bbox 389 3202 465 3239; x_wconf 81' lang='lat' dir='ltr'><strong>uena</strong></span> <span class='ocrx_word' id='word_1_242' title='bbox 473 3203 533 3240; x_wconf 89' lang='lat' dir='ltr'><strong>man</strong></span> <span class='ocrx_word' id='word_1_243' title='bbox 545 3187 659 3240; x_wconf 79' lang='lat' dir='ltr'><strong>bedenlst</strong></span> 
     </span>
     <span class='ocr_line' id='line_1_39' title="bbox 148 3255 658 3308; baseline -0.004 0"><span class='ocrx_word' id='word_1_244' title='bbox 148 3255 205 3308; x_wconf 87' lang='lat' dir='ltr'><strong>deis</strong></span> <span class='ocrx_word' id='word_1_245' title='bbox 224 3255 327 3306; x_wconf 82' lang='lat' dir='ltr'><strong>diluere</strong></span> <span class='ocrx_word' id='word_1_246' title='bbox 344 3255 408 3306; x_wconf 86' lang='lat' dir='ltr'><strong>eben</strong></span> <span class='ocrx_word' id='word_1_247' title='bbox 420 3255 605 3308; x_wconf 77' lang='lat' dir='ltr'><strong>durehrensc&#39;m</strong></span> <span class='ocrx_word' id='word_1_248' title='bbox 617 3255 658 3306; x_wconf 91' lang='lat' dir='ltr'><strong>die</strong></span> 
     </span>
     <span class='ocr_line' id='line_1_40' title="bbox 146 3323 658 3390; baseline 0 -16"><span class='ocrx_word' id='word_1_249' title='bbox 146 3323 300 3390; x_wconf 80' lang='lat' dir='ltr'><strong>Bedeutung</strong></span> <span class='ocrx_word' id='word_1_250' title='bbox 312 3339 363 3376; x_wconf 84' lang='lat' dir='ltr'><strong>von</strong></span> <span class='ocrx_word' id='word_1_251' title='bbox 373 3323 490 3373; x_wconf 69' lang='lat' dir='ltr'><strong>duruere</strong></span> <span class='ocrx_word' id='word_1_252' title='bbox 500 3324 593 3388; x_wconf 80' lang='lat' dir='ltr'><strong>erhilt,</strong></span> <span class='ocrx_word' id='word_1_253' title='bbox 608 3323 658 3374; x_wconf 83' lang='lat' dir='ltr'><strong>wie</strong></span> 
     </span>
     <span class='ocr_line' id='line_1_41' title="bbox 146 3390 658 3458; baseline -0.002 -15"><span class='ocrx_word' id='word_1_254' title='bbox 146 3391 304 3458; x_wconf 74' lang='lat' dir='ltr'><strong>praecidere</strong></span> <span class='ocrx_word' id='word_1_255' title='bbox 321 3390 400 3442; x_wconf 90' lang='lat' dir='ltr'><strong>durch</strong></span> <span class='ocrx_word' id='word_1_256' title='bbox 423 3397 531 3457; x_wconf 86' lang='lat' dir='ltr'><strong>repente</strong></span> <span class='ocrx_word' id='word_1_257' title='bbox 547 3392 588 3444; x_wconf 89' lang='lat' dir='ltr'><strong>die</strong></span> <span class='ocrx_word' id='word_1_258' title='bbox 606 3405 658 3443; x_wconf 84' lang='lat' dir='ltr'><strong>von</strong></span> 
     </span>
     <span class='ocr_line' id='line_1_42' title="bbox 148 3461 306 3512; baseline 0 0"><span class='ocrx_word' id='word_1_259' title='bbox 148 3461 306 3512; x_wconf 78' lang='lat' dir='ltr'><strong>discindere.</strong></span> 
     </span>
    </p>

    <p class='ocr_par' dir='ltr' id='par_1_13' title="bbox 148 3525 659 3812">
     <span class='ocr_line' id='line_1_43' title="bbox 183 3525 657 3580; baseline 0 -2"><span class='ocrx_word' id='word_1_260' title='bbox 183 3530 318 3580; x_wconf 68' lang='lat' dir='ltr'><strong>emerserit</strong></span> <span class='ocrx_word' id='word_1_261' title='bbox 333 3525 525 3579; x_wconf 83' lang='lat' dir='ltr'><strong>unterseheidet</strong></span> <span class='ocrx_word' id='word_1_262' title='bbox 542 3526 597 3578; x_wconf 90' lang='lat' dir='ltr'><strong>sich</strong></span> <span class='ocrx_word' id='word_1_263' title='bbox 605 3539 657 3578; x_wconf 85' lang='lat' dir='ltr'><strong>von</strong></span> 
     </span>
     <span class='ocr_line' id='line_1_44' title="bbox 149 3593 659 3658; baseline -0.006 -11"><span class='ocrx_word' id='word_1_264' title='bbox 149 3601 245 3647; x_wconf 77' lang='lat' dir='ltr'><strong>enoria</strong></span> <span class='ocrx_word' id='word_1_265' title='bbox 261 3599 299 3646; x_wconf 81' lang='lat' dir='ltr'><strong>eit</strong></span> <span class='ocrx_word' id='word_1_266' title='bbox 316 3597 420 3658; x_wconf 76' lang='lat' dir='ltr'><strong>(fuerit)</strong></span> <span class='ocrx_word' id='word_1_267' title='bbox 440 3593 519 3646; x_wconf 90' lang='lat' dir='ltr'><strong>durch</strong></span> <span class='ocrx_word' id='word_1_268' title='bbox 537 3593 587 3645; x_wconf 86' lang='lat' dir='ltr'><strong>den</strong></span> <span class='ocrx_word' id='word_1_269' title='bbox 604 3595 659 3646; x_wconf 88' lang='lat' dir='ltr'><strong>hei-</strong></span> 
     </span>
     <span class='ocr_line' id='line_1_45' title="bbox 148 3660 657 3730; baseline -0.006 -14"><span class='ocrx_word' id='word_1_270' title='bbox 148 3663 307 3730; x_wconf 74' lang='lat' dir='ltr'><strong>gemischten</strong></span> <span class='ocrx_word' id='word_1_271' title='bbox 324 3660 424 3730; x_wconf 70' lang='lat' dir='ltr'><strong>Regilli</strong></span> <span class='ocrx_word' id='word_1_272' title='bbox 442 3661 488 3714; x_wconf 89' lang='lat' dir='ltr'><strong>der</strong></span> <span class='ocrx_word' id='word_1_273' title='bbox 511 3661 657 3728; x_wconf 76' lang='lat' dir='ltr'><strong>glithenden</strong></span> 
     </span>
     <span class='ocr_line' id='line_1_46' title="bbox 148 3731 600 3812; baseline -0.004 -28"><span class='ocrx_word' id='word_1_274' title='bbox 148 3731 337 3784; x_wconf 87' lang='lat' dir='ltr'><strong>Leidenschait.</strong></span> <span class='ocrx_word' id='word_1_275' title='bbox 478 3797 483 3812; x_wconf 38' lang='grc'>1</span> <span class='ocrx_word' id='word_1_276' title='bbox 514 3745 517 3750; x_wconf 84' lang='grc'><strong>’</strong></span> <span class='ocrx_word' id='word_1_277' title='bbox 594 3796 600 3808; x_wconf 35' lang='grc' dir='ltr'>Ι</span> 
     </span>
    </p>

    <p class='ocr_par' dir='ltr' id='par_1_14' title="bbox 148 3797 658 3998">
     <span class='ocr_line' id='line_1_47' title="bbox 148 3797 658 3932; baseline 0 -12"><span class='ocrx_word' id='word_1_278' title='bbox 148 3797 658 3932; x_wconf 57' lang='lat' dir='ltr'><strong>sitiit&#39;‘ttiuiihhitii</strong></span> 
     </span>
     <span class='ocr_line' id='line_1_48' title="bbox 148 3932 655 3998; baseline -0.006 -10"><span class='ocrx_word' id='word_1_279' title='bbox 148 3936 199 3988; x_wconf 84' lang='lat' dir='ltr'><strong>llas</strong></span> <span class='ocrx_word' id='word_1_280' title='bbox 218 3951 267 3988; x_wconf 88' lang='lat' dir='ltr'><strong>nee</strong></span> <span class='ocrx_word' id='word_1_281' title='bbox 288 3935 360 3988; x_wconf 88' lang='lat' dir='ltr'><strong>stellt</strong></span> <span class='ocrx_word' id='word_1_282' title='bbox 380 3936 427 3987; x_wconf 89' lang='lat' dir='ltr'><strong>mit</strong></span> <span class='ocrx_word' id='word_1_283' title='bbox 444 3932 595 3988; x_wconf 84' lang='lat' dir='ltr'><strong>Naohdmelt</strong></span> <span class='ocrx_word' id='word_1_284' title='bbox 612 3935 655 3998; x_wconf 82' lang='lat' dir='ltr'><strong>(eu</strong></span> 
     </span>
    </p>
   </div>
   <div class='ocr_carea' id='block_1_8' title="bbox 705 1758 1219 4003">
    <p class='ocr_par' dir='ltr' id='par_1_15' title="bbox 705 1758 1219 2097">
     <span class='ocr_line' id='line_1_49' title="bbox 706 1758 1219 1826; baseline 0.008 -16"><span class='ocrx_word' id='word_1_285' title='bbox 706 1758 758 1812; x_wconf 82' lang='lat' dir='ltr'><strong>Vll.</strong></span> <span class='ocrx_word' id='word_1_286' title='bbox 768 1763 812 1823; x_wconf 85' lang='grc'><strong>40)</strong></span> <span class='ocrx_word' id='word_1_287' title='bbox 831 1759 888 1811; x_wconf 89' lang='lat' dir='ltr'><strong>dem</strong></span> <span class='ocrx_word' id='word_1_288' title='bbox 897 1759 1062 1812; x_wconf 88' lang='lat' dir='ltr'><strong>Besonderen</strong></span> <span class='ocrx_word' id='word_1_289' title='bbox 1075 1759 1121 1812; x_wconf 91' lang='lat' dir='ltr'><strong>das</strong></span> <span class='ocrx_word' id='word_1_290' title='bbox 1130 1761 1219 1826; x_wconf 81' lang='lat' dir='ltr'><strong>Alige-</strong></span> 
     </span>
     <span class='ocr_line' id='line_1_50' title="bbox 706 1826 1217 1892; baseline 0.012 -15"><span class='ocrx_word' id='word_1_291' title='bbox 706 1827 790 1878; x_wconf 84' lang='lat' dir='ltr'><strong>moine</strong></span> <span class='ocrx_word' id='word_1_292' title='bbox 808 1827 954 1892; x_wconf 75' lang='lat' dir='ltr'><strong>gegenuher</strong></span> <span class='ocrx_word' id='word_1_293' title='bbox 971 1826 1217 1890; x_wconf 78' lang='lat' dir='ltr'><strong>iauNec-etllX.</strong></span> 
     </span>
     <span class='ocr_line' id='line_1_51' title="bbox 708 1893 1218 1962; baseline 0.008 -18"><span class='ocrx_word' id='word_1_294' title='bbox 708 1899 764 1958; x_wconf 71' lang='lat' dir='ltr'><strong>iel:</strong></span> <span class='ocrx_word' id='word_1_295' title='bbox 788 1895 854 1946; x_wconf 91' lang='lat' dir='ltr'><strong>noch</strong></span> <span class='ocrx_word' id='word_1_296' title='bbox 878 1893 1023 1962; x_wconf 77' lang='lat' dir='ltr'><strong>uberhaupt</strong></span> <span class='ocrx_word' id='word_1_297' title='bbox 1041 1909 1088 1946; x_wconf 90' lang='lat' dir='ltr'><strong>nur</strong></span> <span class='ocrx_word' id='word_1_298' title='bbox 1105 1897 1218 1962; x_wconf 75' lang='lat' dir='ltr'><strong>miglich</strong></span> 
     </span>
     <span class='ocr_line' id='line_1_52' title="bbox 705 1961 1219 2030; baseline 0.008 -16"><span class='ocrx_word' id='word_1_299' title='bbox 705 1961 1219 2030; x_wconf 74' lang='lat' dir='ltr'><strong>wire,dassniehldieNothwendiglteit</strong></span> 
     </span>
     <span class='ocr_line' id='line_1_53' title="bbox 706 2027 1217 2097; baseline 0.008 -15"><span class='ocrx_word' id='word_1_300' title='bbox 706 2031 800 2097; x_wconf 77' lang='lat' dir='ltr'><strong>gebdte</strong></span> <span class='ocrx_word' id='word_1_301' title='bbox 813 2027 883 2082; x_wconf 83' lang='lat' dir='ltr'><strong>nicht</strong></span> <span class='ocrx_word' id='word_1_302' title='bbox 894 2059 930 2068; x_wconf 96' lang='lat'>—</span> <span class='ocrx_word' id='word_1_303' title='bbox 941 2030 1067 2084; x_wconf 84' lang='lat' dir='ltr'><strong>cintreten</strong></span> <span class='ocrx_word' id='word_1_304' title='bbox 1080 2047 1112 2083; x_wconf 84' lang='lat' dir='ltr'><strong>eu</strong></span> <span class='ocrx_word' id='word_1_305' title='bbox 1124 2032 1217 2087; x_wconf 86' lang='lat' dir='ltr'><strong>lassen.</strong></span> 
     </span>
    </p>

    <p class='ocr_par' dir='ltr' id='par_1_16' title="bbox 707 2099 1219 2506">
     <span class='ocr_line' id='line_1_54' title="bbox 741 2099 1217 2163; baseline 0.008 -14"><span class='ocrx_word' id='word_1_306' title='bbox 741 2099 1217 2163; x_wconf 53' lang='lat' dir='ltr'><strong>wmwmmwm</strong></span> 
     </span>
     <span class='ocr_line' id='line_1_55' title="bbox 709 2165 1219 2221; baseline 0.006 -3"><span class='ocrx_word' id='word_1_307' title='bbox 709 2165 779 2219; x_wconf 86' lang='lat' dir='ltr'><strong>Seite</strong></span> <span class='ocrx_word' id='word_1_308' title='bbox 796 2167 865 2218; x_wconf 84' lang='lat' dir='ltr'><strong>steht</strong></span> <span class='ocrx_word' id='word_1_309' title='bbox 882 2171 931 2218; x_wconf 80' lang='lat' dir='ltr'><strong>uui</strong></span> <span class='ocrx_word' id='word_1_310' title='bbox 941 2181 1046 2218; x_wconf 83' lang='lat' dir='ltr'><strong>nwrurn</strong></span> <span class='ocrx_word' id='word_1_311' title='bbox 1059 2174 1107 2220; x_wconf 86' lang='lat' dir='ltr'><strong>unt</strong></span> <span class='ocrx_word' id='word_1_312' title='bbox 1116 2169 1219 2221; x_wconf 80' lang='lat' dir='ltr'><strong>siradio-</strong></span> 
     </span>
     <span class='ocr_line' id='line_1_56' title="bbox 708 2237 1218 2302; baseline 0.01 -17"><span class='ocrx_word' id='word_1_313' title='bbox 708 2252 769 2286; x_wconf 83' lang='lat' dir='ltr'><strong>runa</strong></span> <span class='ocrx_word' id='word_1_314' title='bbox 788 2239 975 2302; x_wconf 79' lang='lat' dir='ltr'><strong>commutatio,</strong></span> <span class='ocrx_word' id='word_1_315' title='bbox 1000 2237 1046 2288; x_wconf 89' lang='lat' dir='ltr'><strong>aul</strong></span> <span class='ocrx_word' id='word_1_316' title='bbox 1061 2237 1105 2288; x_wconf 86' lang='lat' dir='ltr'><strong>der</strong></span> <span class='ocrx_word' id='word_1_317' title='bbox 1123 2237 1218 2290; x_wconf 88' lang='lat' dir='ltr'><strong>andem</strong></span> 
     </span>
     <span class='ocr_line' id='line_1_57' title="bbox 709 2304 1219 2370; baseline 0 -16"><span class='ocrx_word' id='word_1_318' title='bbox 709 2308 757 2354; x_wconf 86' lang='lat' dir='ltr'><strong>aui</strong></span> <span class='ocrx_word' id='word_1_319' title='bbox 773 2307 803 2354; x_wconf 84' lang='lat' dir='ltr'><strong>in</strong></span> <span class='ocrx_word' id='word_1_320' title='bbox 818 2307 862 2355; x_wconf 86' lang='lat' dir='ltr'><strong>rei</strong></span> <span class='ocrx_word' id='word_1_321' title='bbox 877 2304 1003 2370; x_wconf 80' lang='lat' dir='ltr'><strong>publicae</strong></span> <span class='ocrx_word' id='word_1_322' title='bbox 1024 2308 1149 2370; x_wconf 82' lang='lat' dir='ltr'><strong>pertibus</strong></span> <span class='ocrx_word' id='word_1_323' title='bbox 1166 2306 1219 2357; x_wconf 81' lang='lat' dir='ltr'><strong>dis-</strong></span> 
     </span>
     <span class='ocr_line' id='line_1_58' title="bbox 707 2371 1217 2425; baseline 0.008 -4"><span class='ocrx_word' id='word_1_324' title='bbox 707 2375 810 2422; x_wconf 79' lang='lat' dir='ltr'><strong>censio:</strong></span> <span class='ocrx_word' id='word_1_325' title='bbox 827 2372 946 2424; x_wconf 86' lang='lat' dir='ltr'><strong>dasselbe</strong></span> <span class='ocrx_word' id='word_1_326' title='bbox 956 2371 1102 2424; x_wconf 85' lang='lat' dir='ltr'><strong>Verhialtnis</strong></span> <span class='ocrx_word' id='word_1_327' title='bbox 1113 2374 1163 2425; x_wconf 86' lang='lat' dir='ltr'><strong>uie</strong></span> <span class='ocrx_word' id='word_1_328' title='bbox 1176 2373 1217 2425; x_wconf 87' lang='lat' dir='ltr'><strong>bei</strong></span> 
     </span>
     <span class='ocr_line' id='line_1_59' title="bbox 708 2456 977 2506; baseline 0.007 -16"><span class='ocrx_word' id='word_1_329' title='bbox 708 2456 795 2505; x_wconf 76' lang='lat' dir='ltr'><strong>nequae</strong></span> <span class='ocrx_word' id='word_1_330' title='bbox 810 2456 903 2506; x_wconf 83' lang='lat' dir='ltr'><strong>neque,</strong></span> <span class='ocrx_word' id='word_1_331' title='bbox 920 2456 977 2493; x_wconf 85' lang='lat' dir='ltr'><strong>nec.</strong></span> 
     </span>
    </p>

    <p class='ocr_par' dir='ltr' id='par_1_17' title="bbox 707 2506 1219 2778">
     <span class='ocr_line' id='line_1_60' title="bbox 743 2506 1219 2574; baseline -0.002 -15"><span class='ocrx_word' id='word_1_332' title='bbox 743 2509 877 2574; x_wconf 74' lang='lat' dir='ltr'><strong>depositae</strong></span> <span class='ocrx_word' id='word_1_333' title='bbox 889 2507 978 2569; x_wconf 78' lang='lat' dir='ltr'><strong>(fallen</strong></span> <span class='ocrx_word' id='word_1_334' title='bbox 987 2507 1081 2571; x_wconf 86' lang='lat' dir='ltr'><strong>lassen)</strong></span> <span class='ocrx_word' id='word_1_335' title='bbox 1099 2506 1151 2558; x_wconf 88' lang='lat' dir='ltr'><strong>und</strong></span> <span class='ocrx_word' id='word_1_336' title='bbox 1162 2521 1219 2558; x_wconf 83' lang='lat' dir='ltr'><strong>sus·</strong></span> 
     </span>
     <span class='ocr_line' id='line_1_61' title="bbox 708 2575 1219 2710; baseline -0.002 -14"><span class='ocrx_word' id='word_1_337' title='bbox 708 2575 1219 2710; x_wconf 57' lang='lat' dir='ltr'><strong>luititiiihileuitatis</strong></span> 
     </span>
     <span class='ocr_line' id='line_1_62' title="bbox 707 2715 1158 2778; baseline 0.004 -16"><span class='ocrx_word' id='word_1_338' title='bbox 707 2715 872 2776; x_wconf 82' lang='lat' dir='ltr'><strong>inimicitiae,</strong></span> <span class='ocrx_word' id='word_1_339' title='bbox 887 2727 984 2778; x_wconf 79' lang='lat' dir='ltr'><strong>gerere</strong></span> <span class='ocrx_word' id='word_1_340' title='bbox 1001 2715 1158 2764; x_wconf 83' lang='lat' dir='ltr'><strong>amicitiam.</strong></span> 
     </span>
    </p>

    <p class='ocr_par' dir='ltr' id='par_1_18' title="bbox 707 2778 1218 3105">
     <span class='ocr_line' id='line_1_63' title="bbox 743 2778 1218 2846; baseline -0.002 -15"><span class='ocrx_word' id='word_1_341' title='bbox 743 2781 838 2831; x_wconf 81' lang='lat' dir='ltr'><strong>bellurn</strong></span> <span class='ocrx_word' id='word_1_342' title='bbox 848 2795 945 2846; x_wconf 76' lang='lat' dir='ltr'><strong>gerere</strong></span> <span class='ocrx_word' id='word_1_343' title='bbox 954 2778 1000 2832; x_wconf 86' lang='lat' dir='ltr'><strong>aul</strong></span> <span class='ocrx_word' id='word_1_344' title='bbox 1007 2779 1152 2846; x_wconf 76' lang='lat' dir='ltr'><strong>llricgsiul&#39;s</strong></span> <span class='ocrx_word' id='word_1_345' title='bbox 1167 2783 1218 2831; x_wconf 84' lang='lat' dir='ltr'><strong>sle·</strong></span> 
     </span>
     <span class='ocr_line' id='line_1_64' title="bbox 708 2845 1217 2914; baseline 0.006 -15"><span class='ocrx_word' id='word_1_346' title='bbox 708 2849 767 2914; x_wconf 90' lang='lat' dir='ltr'><strong>hen,</strong></span> <span class='ocrx_word' id='word_1_347' title='bbox 783 2848 897 2900; x_wconf 87' lang='lat' dir='ltr'><strong>bildllch.</strong></span> <span class='ocrx_word' id='word_1_348' title='bbox 926 2847 1028 2899; x_wconf 83' lang='lat' dir='ltr'><strong>llberrso</strong></span> <span class='ocrx_word' id='word_1_349' title='bbox 1046 2847 1110 2914; x_wconf 86' lang='lat' dir='ltr'><strong>Nep.</strong></span> <span class='ocrx_word' id='word_1_350' title='bbox 1128 2845 1217 2902; x_wconf 81' lang='lat' dir='ltr'><strong>Thrae.</strong></span> 
     </span>
     <span class='ocr_line' id='line_1_65' title="bbox 707 2914 1218 2981; baseline 0.002 -15"><span class='ocrx_word' id='word_1_351' title='bbox 707 2915 750 2969; x_wconf 78' lang='lat' dir='ltr'><strong>ld</strong></span> <span class='ocrx_word' id='word_1_352' title='bbox 770 2917 866 2968; x_wconf 77' lang='lat' dir='ltr'><strong>bellurn</strong></span> <span class='ocrx_word' id='word_1_353' title='bbox 882 2916 1003 2967; x_wconf 78' lang='lat' dir='ltr'><strong>indicere</strong></span> <span class='ocrx_word' id='word_1_354' title='bbox 1019 2914 1068 2966; x_wconf 88' lang='lat' dir='ltr'><strong>den</strong></span> <span class='ocrx_word' id='word_1_355' title='bbox 1085 2915 1162 2981; x_wconf 78' lang='lat' dir='ltr'><strong>lirieg</strong></span> <span class='ocrx_word' id='word_1_356' title='bbox 1179 2930 1218 2967; x_wconf 87' lang='lat' dir='ltr'><strong>er·</strong></span> 
     </span>
     <span class='ocr_line' id='line_1_66' title="bbox 709 2983 1218 3037; baseline 0 -3"><span class='ocrx_word' id='word_1_357' title='bbox 709 2983 805 3036; x_wconf 77' lang='lat' dir='ltr'><strong>kliren.</strong></span> <span class='ocrx_word' id='word_1_358' title='bbox 828 2983 960 3037; x_wconf 82' lang='lat' dir='ltr'><strong>Alc.lV.‘l</strong></span> <span class='ocrx_word' id='word_1_359' title='bbox 979 2986 1010 3034; x_wconf 88' lang='lat' dir='ltr'><strong>in</strong></span> <span class='ocrx_word' id='word_1_360' title='bbox 1029 2985 1164 3036; x_wconf 79' lang='lat' dir='ltr'><strong>obsidione</strong></span> <span class='ocrx_word' id='word_1_361' title='bbox 1182 2989 1218 3034; x_wconf 85' lang='lat' dir='ltr'><strong>le-</strong></span> 
     </span>
     <span class='ocr_line' id='line_1_67' title="bbox 708 3051 1056 3105; baseline 0.009 -3"><span class='ocrx_word' id='word_1_362' title='bbox 708 3068 773 3103; x_wconf 84' lang='lat' dir='ltr'><strong>nere</strong></span> <span class='ocrx_word' id='word_1_363' title='bbox 789 3052 825 3104; x_wconf 90' lang='lat' dir='ltr'><strong>im</strong></span> <span class='ocrx_word' id='word_1_364' title='bbox 843 3051 943 3104; x_wconf 88' lang='lat' dir='ltr'><strong>Sehach</strong></span> <span class='ocrx_word' id='word_1_365' title='bbox 961 3052 1056 3105; x_wconf 89' lang='lat' dir='ltr'><strong>halteu.</strong></span> 
     </span>
    </p>

    <p class='ocr_par' dir='ltr' id='par_1_19' title="bbox 709 3119 1219 3797">
     <span class='ocr_line' id='line_1_68' title="bbox 743 3119 1217 3184; baseline 0.004 -14"><span class='ocrx_word' id='word_1_366' title='bbox 743 3135 802 3170; x_wconf 81' lang='lat' dir='ltr'><strong>roeo</strong></span> <span class='ocrx_word' id='word_1_367' title='bbox 824 3125 933 3171; x_wconf 86' lang='lat' dir='ltr'><strong>nornine</strong></span> <span class='ocrx_word' id='word_1_368' title='bbox 957 3135 1001 3172; x_wconf 91' lang='lat' dir='ltr'><strong>um</strong></span> <span class='ocrx_word' id='word_1_369' title='bbox 1025 3119 1217 3184; x_wconf 78' lang='lat' dir='ltr'><strong>melnetuilleu,</strong></span> 
     </span>
     <span class='ocr_line' id='line_1_69' title="bbox 709 3187 1218 3324; baseline 0.004 -16"><span class='ocrx_word' id='word_1_370' title='bbox 709 3187 1218 3324; x_wconf 44' lang='lat' dir='ltr'><strong>:lacerathcicatricula</strong></span> 
     </span>
     <span class='ocr_line' id='line_1_70' title="bbox 709 3323 1218 3390; baseline 0.004 -16"><span class='ocrx_word' id='word_1_371' title='bbox 709 3323 781 3376; x_wconf 85' lang='lat' dir='ltr'><strong>hatte</strong></span> <span class='ocrx_word' id='word_1_372' title='bbox 792 3325 858 3376; x_wconf 87' lang='lat' dir='ltr'><strong>nach</strong></span> <span class='ocrx_word' id='word_1_373' title='bbox 868 3323 988 3376; x_wconf 81' lang='lat' dir='ltr'><strong>Plutarch</strong></span> <span class='ocrx_word' id='word_1_374' title='bbox 997 3323 1056 3376; x_wconf 88' lang='lat' dir='ltr'><strong>dem</strong></span> <span class='ocrx_word' id='word_1_375' title='bbox 1066 3323 1152 3390; x_wconf 88' lang='lat' dir='ltr'><strong>Scipio</strong></span> <span class='ocrx_word' id='word_1_376' title='bbox 1161 3339 1218 3376; x_wconf 88' lang='lat' dir='ltr'><strong>ver·</strong></span> 
     </span>
     <span class='ocr_line' id='line_1_71' title="bbox 709 3391 1218 3526; baseline 0 -82"><span class='ocrx_word' id='word_1_377' title='bbox 709 3391 844 3512; x_wconf 53' lang='lat' dir='ltr'><strong>{prosshen</strong></span> <span class='ocrx_word' id='word_1_378' title='bbox 857 3392 903 3512; x_wconf 54' lang='lat' dir='ltr'><strong>aguit</strong></span> <span class='ocrx_word' id='word_1_379' title='bbox 912 3391 1218 3526; x_wconf 38' lang='lat' dir='ltr'><strong>{huggelmst&#39;aiugcha&#39;ltl‘llgh</strong></span> 
     </span>
     <span class='ocr_line' id='line_1_72' title="bbox 725 3474 1217 3512; baseline 0.002 -1"><span class='ocrx_word' id='word_1_380' title='bbox 725 3475 750 3512; x_wconf 88' lang='lat' dir='ltr'><strong>re</strong></span> <span class='ocrx_word' id='word_1_381' title='bbox 789 3475 858 3512; x_wconf 87' lang='lat' dir='ltr'><strong>ewcr</strong></span> <span class='ocrx_word' id='word_1_382' title='bbox 876 3475 910 3512; x_wconf 89' lang='lat' dir='ltr'><strong>un</strong></span> <span class='ocrx_word' id='word_1_383' title='bbox 1053 3474 1078 3512; x_wconf 88' lang='lat' dir='ltr'><strong>ru</strong></span> <span class='ocrx_word' id='word_1_384' title='bbox 1110 3475 1126 3511; x_wconf 93' lang='lat' dir='ltr'><strong>u</strong></span> <span class='ocrx_word' id='word_1_385' title='bbox 1203 3475 1217 3512; x_wconf 88' lang='lat' dir='ltr'><strong>s</strong></span> 
     </span>
     <span class='ocr_line' id='line_1_73' title="bbox 709 3527 1218 3598; baseline 0 -18"><span class='ocrx_word' id='word_1_386' title='bbox 709 3528 832 3585; x_wconf 79' lang='lat' dir='ltr'><strong>Consului</strong></span> <span class='ocrx_word' id='word_1_387' title='bbox 850 3544 882 3580; x_wconf 85' lang='lat' dir='ltr'><strong>an</strong></span> <span class='ocrx_word' id='word_1_388' title='bbox 899 3531 1088 3598; x_wconf 69' lang='lat' dir='ltr'><strong>untersthtuem</strong></span> <span class='ocrx_word' id='word_1_389' title='bbox 1105 3527 1218 3581; x_wconf 83' lang='lat' dir='ltr'><strong>hernach</strong></span> 
     </span>
     <span class='ocr_line' id='line_1_74' title="bbox 709 3595 1218 3662; baseline 0.002 -14"><span class='ocrx_word' id='word_1_390' title='bbox 709 3597 782 3662; x_wconf 87' lang='lat' dir='ltr'><strong>aher,</strong></span> <span class='ocrx_word' id='word_1_391' title='bbox 806 3596 902 3648; x_wconf 86' lang='lat' dir='ltr'><strong>seinem</strong></span> <span class='ocrx_word' id='word_1_392' title='bbox 922 3595 1096 3662; x_wconf 84' lang='lat' dir='ltr'><strong>Versprechen</strong></span> <span class='ocrx_word' id='word_1_393' title='bbox 1118 3601 1218 3662; x_wconf 81' lang='lat' dir='ltr'><strong>natiso,</strong></span> 
     </span>
     <span class='ocr_line' id='line_1_75' title="bbox 709 3662 1219 3731; baseline 0.002 -15"><span class='ocrx_word' id='word_1_394' title='bbox 709 3665 765 3716; x_wconf 88' lang='lat' dir='ltr'><strong>sich</strong></span> <span class='ocrx_word' id='word_1_395' title='bbox 788 3663 870 3715; x_wconf 83' lang='lat' dir='ltr'><strong>selbsl</strong></span> <span class='ocrx_word' id='word_1_396' title='bbox 892 3679 924 3714; x_wconf 86' lang='lat' dir='ltr'><strong>zu</strong></span> <span class='ocrx_word' id='word_1_397' title='bbox 949 3662 1032 3714; x_wconf 84' lang='lat' dir='ltr'><strong>dieser</strong></span> <span class='ocrx_word' id='word_1_398' title='bbox 1054 3663 1149 3716; x_wconf 86' lang='lat' dir='ltr'><strong>Wilrde</strong></span> <span class='ocrx_word' id='word_1_399' title='bbox 1175 3679 1219 3731; x_wconf 76' lang='lat' dir='ltr'><strong>ge-</strong></span> 
     </span>
     <span class='ocr_line' id='line_1_76' title="bbox 709 3729 1002 3797; baseline -0.003 -14"><span class='ocrx_word' id='word_1_400' title='bbox 709 3731 800 3797; x_wconf 81' lang='lat' dir='ltr'><strong>drimgt</strong></span> <span class='ocrx_word' id='word_1_401' title='bbox 818 3733 876 3788; x_wconf 76' lang='lat'><strong>(141</strong></span> <span class='ocrx_word' id='word_1_402' title='bbox 890 3745 914 3782; x_wconf 87' lang='lat' dir='ltr'><strong>v.</strong></span> <span class='ocrx_word' id='word_1_403' title='bbox 927 3729 1002 3791; x_wconf 77' lang='lat' dir='ltr'><strong>Che).</strong></span> 
     </span>
    </p>

    <p class='ocr_par' dir='ltr' id='par_1_20' title="bbox 706 3797 1218 4003">
     <span class='ocr_line' id='line_1_77' title="bbox 742 3797 1218 3858; baseline 0.004 -8"><span class='ocrx_word' id='word_1_404' title='bbox 742 3799 858 3850; x_wconf 79' lang='lat' dir='ltr'><strong>Metello.</strong></span> <span class='ocrx_word' id='word_1_405' title='bbox 876 3797 904 3858; x_wconf 81' lang='lat'><strong>0.</strong></span> <span class='ocrx_word' id='word_1_406' title='bbox 916 3798 1026 3850; x_wconf 76' lang='lat' dir='ltr'><strong>Cicilius</strong></span> <span class='ocrx_word' id='word_1_407' title='bbox 1037 3797 1157 3852; x_wconf 80' lang='lat' dir='ltr'><strong>Metellus</strong></span> <span class='ocrx_word' id='word_1_408' title='bbox 1166 3797 1218 3852; x_wconf 83' lang='lat' dir='ltr'><strong>Ma·</strong></span> 
     </span>
     <span class='ocr_line' id='line_1_78' title="bbox 708 3865 1216 3933; baseline 0.004 -15"><span class='ocrx_word' id='word_1_409' title='bbox 708 3866 845 3919; x_wconf 83' lang='lat' dir='ltr'><strong>sedonicus</strong></span> <span class='ocrx_word' id='word_1_410' title='bbox 855 3880 908 3918; x_wconf 82' lang='lat' dir='ltr'><strong>war</strong></span> <span class='ocrx_word' id='word_1_411' title='bbox 918 3865 963 3918; x_wconf 87' lang='lat' dir='ltr'><strong>des</strong></span> <span class='ocrx_word' id='word_1_412' title='bbox 972 3866 1057 3920; x_wconf 83' lang='lat' dir='ltr'><strong>Ldlius</strong></span> <span class='ocrx_word' id='word_1_413' title='bbox 1067 3867 1120 3920; x_wconf 89' lang='lat' dir='ltr'><strong>und</strong></span> <span class='ocrx_word' id='word_1_414' title='bbox 1130 3865 1216 3933; x_wconf 89' lang='lat' dir='ltr'><strong>Scipio</strong></span> 
     </span>
     <span class='ocr_line' id='line_1_79' title="bbox 706 3933 1098 4003; baseline 0.005 -17"><span class='ocrx_word' id='word_1_415' title='bbox 706 3933 891 4001; x_wconf 76' lang='lat' dir='ltr'><strong>Amtsgeuosse</strong></span> <span class='ocrx_word' id='word_1_416' title='bbox 908 3934 943 3987; x_wconf 87' lang='lat' dir='ltr'><strong>im</strong></span> <span class='ocrx_word' id='word_1_417' title='bbox 960 3934 1098 4003; x_wconf 77' lang='lat' dir='ltr'><strong>Augurate.</strong></span> 
     </span>
    </p>
   </div>
   <div class='ocr_carea' id='block_1_9' title="bbox 0 0 1437 4522">
    <p class='ocr_par' dir='ltr' id='par_1_21' title="bbox 0 0 1437 4522">
     <span class='ocr_line' id='line_1_80' title="bbox 0 0 1437 4522; baseline 0 0"><span class='ocrx_word' id='word_1_418' title='bbox 0 0 1437 4522; x_wconf 95' lang='lat' dir='ltr'><strong> </strong></span> 
     </span>
    </p>
   </div>
  </div>
 </body>
</html>
