2854 4522
229 239 268 302 48
693 241 834 295 miluus,

228 416 293 476 dem
308 423 509 496 praeceptum,
524 415 737 494 cuiuscumque
753 423 805 487 est,
822 414 858 476 ad
873 413 1032 476 tollendam
1043 414 1200 476 amicitiam
1215 414 1299 476 valet.

227 500 302 562 lllud
318 499 416 580 potius
431 499 671 580 praecipiendum
688 499 757 571 luit,
774 508 806 560 ut
822 517 885 560 eam
901 498 1079 578 diligentiam
1095 499 1301 562 adhiberemus

228 587 259 647 in
274 585 411 646 amicitiis
425 585 644 665 comparandis,
667 593 701 645 ut
716 603 754 644 ne
769 585 886 664 quando
901 602 998 645 amare
1019 584 1217 665 inciperemus
1232 603 1301 648 eum

228 688 315 752 quem
330 670 487 750 aliquando
508 671 605 730 odisse
628 687 791 753 possemus.
822 667 1009 739 Quinetiam
1031 669 1056 730 si
1078 670 1177 731 minus
1201 670 1301 732 felices

227 755 256 816 in
273 755 429 834 deligendo
445 755 614 828 fuissemus,
638 755 791 816 serendum
812 754 842 814 id
863 753 962 834 Scipio
984 755 1085 834 potius
1100 773 1188 835 quam
1202 755 1301 816 inimi·

227 840 361 903 citiarum
378 848 493 920 tempus
507 841 696 919 cogitandum
712 838 840 920 putabat.

175 935 204 986 61
311 925 398 986 XVll.
420 925 473 986 llis
494 925 583 1004 igitur
598 925 708 986 linibus
729 925 871 986 utendum
892 923 1035 998 arbitror,
1057 933 1090 984 ut
1111 943 1179 986 cum
1199 942 1301 986 emen-

227 1011 285 1072 dati
301 1029 399 1072 mores
413 1011 574 1072 amicorum
590 1010 658 1084 sint,
676 1019 737 1071 tum
754 1010 792 1070 sit
808 1009 884 1070 inter
900 1027 950 1072 eos
965 1009 1097 1070 omnium
1113 1028 1210 1070 rerum
1227 1029 1301 1072 oon·

226 1095 359 1157 siliorum
376 1095 556 1157 voluntatum
573 1095 637 1156 sine
649 1094 706 1156 ulla
718 1090 891 1174 exceptione
903 1093 1112 1156 communitas:
1128 1103 1162 1156 ut
1173 1095 1259 1156 etiam
1275 1098 1300 1158 si

227 1201 284 1261 qua
299 1183 418 1243 fortuna
433 1180 571 1242 acciderit
586 1189 620 1241 ut
634 1180 733 1242 minus
747 1181 839 1240 iustae
854 1179 1016 1240 amicorum
1038 1179 1202 1241 voluntates
1216 1182 1300 1244 adiu-

227 1267 336 1328 vandae
351 1265 425 1340 sint,
446 1266 477 1326 in
494 1265 600 1346 quibus
615 1283 718 1326 eorum
739 1274 790 1326 aut
811 1273 899 1345 eaput
915 1273 1017 1342 agatur
1031 1273 1081 1325 aut
1096 1264 1187 1338 lama,
1208 1267 1300 1327 decli-

228 1351 357 1412 nandum
372 1349 407 1410 de
422 1351 466 1411 via
478 1359 531 1424 est,
548 1351 685 1412 modone
701 1368 813 1412 summa
829 1349 979 1429 turpitudo
994 1358 1150 1429 sequatur;
1167 1361 1210 1412 est
1220 1352 1300 1412 enim

227 1443 373 1514 quatenus
387 1435 531 1496 amicitiae
545 1435 607 1496 dari
619 1436 702 1496 venia
714 1434 817 1516 possit.
847 1434 907 1496 Nec
920 1453 989 1494 vero
1002 1434 1181 1514 neglegenda
1197 1445 1242 1497 est
1257 1437 1300 1496 fa-

228 1537 284 1594 ma,
300 1538 355 1580 nec
370 1519 517 1582 mediocre
529 1521 619 1582 telum
634 1521 670 1580 ad
686 1539 733 1581 res
747 1520 889 1600 gerendas
901 1519 1066 1582 existimare
1081 1529 1198 1600 oportet
1208 1521 1300 1583 bene-

228 1604 385 1666 volentiam
401 1605 522 1666 civium:
545 1624 632 1686 quam
648 1605 795 1666 blanditiis
811 1612 841 1664 et
862 1605 1037 1666 assentando
1059 1604 1196 1684 colligere
1211 1614 1300 1687 turpe

175 1699 204 1752 62
226 1699 285 1763 est,
306 1689 397 1752 virtus
419 1710 506 1771 quam
527 1691 660 1771 sequitur
681 1691 786 1754 caritas
806 1689 927 1750 minime
951 1689 1130 1769 repudianda
1152 1701 1204 1752 est.
1240 1691 1301 1752 Sed

262 1809 303 1859 60.
322 1803 402 1857 velet.
429 1807 479 1858 Fur
496 1807 579 1860 dieses
596 1807 686 1858 calere
702 1808 739 1858 nd
789 1821 843 1857 war
861 1819 898 1870 es,
916 1804 966 1856 den
978 1805 1065 1857 Cicero
1083 1805 1163 1859 durch
1180 1805 1221 1858 die
1238 1806 1300 1860 ller-

229 1877 317 1926 setzen
336 1874 377 1926 die
388 1875 504 1926 Neuereu
517 1891 579 1941 gern
591 1875 681 1926 valere
692 1876 738 1926 mit
790 1873 942 1939 theidigung
954 1872 999 1931 des
1008 1873 1078 1938 lllilo,
1091 1875 1221 1927 vielleieht
1233 1876 1299 1928 auch

128 1938 131 1945 ’
228 1942 285 1994 dem
313 1941 440 2004 lnlinitiv,
468 1958 522 1994 was
545 1943 662 2010 poetiseh
687 1943 739 1994 und
789 1941 834 1994 des
853 1940 932 2004 Sulla,
951 1946 1130 1996 unterstirtzte.

228 2009 416 2062 nacholassisch
434 2011 476 2062 ist.
825 2014 906 2075 eaput
924 2008 985 2061 Sein
1004 2009 1065 2061 oder
1083 2010 1222 2076 Nichlsein,
1241 2011 1300 2062 hdr-

261 2079 480 2143 prneet'piendum
509 2077 580 2138 fuit:
607 2079 678 2130 wohl
707 2094 739 2129 zu
791 2077 903 2144 gerlielre
921 2077 1048 2129 Existenz.

229 2145 424 2196 untersoheiden
448 2161 499 2197 von
518 2147 738 2212 praecipiendum
823 2146 901 2196 modo
919 2161 952 2196 ne
965 2171 997 2190 a
1010 2161 1056 2198 nur
1074 2145 1132 2198 dari
1149 2146 1226 2200 nieht.

229 2217 269 2262 est
284 2211 386 2265 x11.4·2.
824 2218 1010 2278 anquatenus
1032 2206 1082 2266 ‘bis
1100 2230 1131 2266 zu
1155 2215 1237 2266 einem
1255 2230 1299 2280 ge-

263 2279 738 2346 eompernreunterscheidetsiclihier
790 2281 885 2332 wissee
898 2275 1002 2334 Puncte’
1022 2280 1091 2334 kenn
1101 2281 1240 2334 Nachsieht
1255 2298 1299 2348 ge·

229 2349 300 2400 nicht
324 2348 474 2400 weseutlich
499 2364 549 2400 von
564 2365 666 2414 parare
682 2348 737 2402 XV.
790 2348 1299 2413 wdhrtwerdemoirnlichvomFreunde.

230 2420 271 2469 55.
367 2479 369 2484 ι
823 2417 880 2468 Nee
896 2433 1056 2468 cero—nee:
1076 2416 1300 2470 Wieabereiner-

262 2483 388 2540 xv11.ot.
402 2484 536 2536 emendati
546 2483 680 2549 makellos,
693 2499 738 2536 un·
789 2486 853 2536 seits
871 2484 949 2546 nieht,
967 2499 996 2536 so
1009 2513 1042 2522 -
1055 2484 1207 2552 andrenseits
1218 2487 1298 2540 nieht.

231 2551 361 2604 tadelhalt.
823 2553 904 2602 telem
919 2550 1009 2614 Walle,
1027 2568 1070 2602 rer
1083 2553 1219 2616 gerendae
1231 2553 1299 2606 Tha-

263 2623 321 2669 eine
338 2619 395 2670 olle
413 2622 570 2687 exceptione
593 2624 738 2672 eommuni-
790 2625 845 2672 ten:
864 2619 953 2670 beides
971 2617 1083 2670 bildlich.

230 2693 273 2738 tas
290 2688 339 2739 wie
356 2691 386 2738 in
405 2691 478 2740 omni
494 2705 524 2739 re
540 2692 681 2752 severitas:
706 2705 737 2740 zu
823 2690 909 2738 circos
936 2687 1154 2752 gegensa'ateliclres
1180 2689 1298 2756 Asynde-

231 2755 320 2808 Vico.
787 2760 839 2807 tou.
858 2754 991 2807 Welshalb
1001 2755 1062 2806 aber
1070 2759 1156 2806 cir-tres
1169 2773 1248 2822 qnam
1259 2775 1299 2810 se

263 2829 295 2874 ut
310 2827 390 2876 etiem
407 2828 431 2874 ci
451 2817 510 2876 ‘wie
528 2825 595 2877 deun
612 2825 694 2877 selbst
711 2825 737 2876 in
789 2826 1045 2888 quitarearitaeete,
1065 2824 1186 2876 wdhrend
1195 2825 1240 2877 der
1249 2827 1298 2878 Ge-

230 2891 287 2943 dem
305 2892 375 2943 Folle
393 2886 466 2945 dals'.
498 2892 651 2945 Consecutiv
669 2893 737 2945 kann
789 2895 894 2958 gensatz
919 2896 1000 2944 etwns
1025 2891 1130 2943 anderes
1149 2909 1180 2944 zu
1198 2893 1298 2946 verlan-

231 2958 315 3010 dieses
327 2965 359 3009 ot
369 2961 517 3026 uumdgliolr
530 2961 598 3012 sein:
617 2961 687 3012 nieht
697 2977 738 3013 so·
788 2974 837 3024 gen
850 2961 961 3011 seheint:
979 2963 1046 3010 elwa
1062 2963 1160 3011 virtute
1171 2962 1298 3026 colligere

231 3024 738 3092 wohlwegendeslndieativsdeelinun-
790 3029 1297 3094 caritatemminimetnrpe‚oderatiam

230 3094 293 3146 dum
311 3099 350 3144 ert
367 3095 444 3157 (dena
469 3095 552 3148 dieser
575 3096 671 3148 konnte
695 3097 740 3148 aul
790 3095 923 3146 laudabile
940 3098 995 3145 eet?
1021 3093 1087 3147 Weil
1105 3097 1237 3149 einerseits
1255 3099 1296 3150 die

231 3163 300 3214 einer
329 3161 501 3214 Anakoluthie
530 3164 665 3229 berndec),
699 3164 738 3217 als
789 3162 896 3229 Tngend
912 3180 940 3213 ee
957 3165 1015 3228 ipsa
1034 3169 1159 3215 contente
1177 3166 1225 3229 ist,
1244 3167 1297 3218 und

231 3231 354 3282 rielmehr
367 3245 457 3296 wegeu
471 3230 516 3282 des
526 3232 582 3282 sich
590 3232 658 3284 donn
667 3248 739 3299 erge·
789 3231 895 3282 niemals
913 3247 945 3282 zu
963 3232 1046 3282 einem
1055 3229 1138 3284 Mittel
1151 3233 1195 3284 der
1204 3234 1297 3286 Gnost-

232 3297 736 3352 benuenuonsens:Sobatddieureunde
788 3299 941 3364 erwerbung
960 3299 1182 3366 herabgewr'rrdigt
1194 3301 1297 3354 werden

231 3365 584 3431 sittliehvollkommensind,
602 3368 736 3420 mulseine
788 3366 855 3426 dnrl;
880 3366 933 3418 und
952 3367 1011 3420 weil
1028 3368 1194 3433 andrerseits,
1222 3385 1297 3422 wenn

231 3435 361 3497 gdnzliehe
371 3433 561 3488 Gemeinschalt
578 3434 735 3501 stattfinden‚
787 3449 845 3486 man
856 3434 897 3486 die
906 3435 1139 3502 (unbenbsichtigte
1152 3436 1204 3488 und
1217 3453 1297 3503 unge-

232 3516 261 3552 so
280 3501 336 3553 dals
354 3503 435 3555 selbst
453 3502 523 3554 niolrt
541 3517 604 3567 ganz
623 3503 735 3555 sittliche
787 3503 892 3566 suehle)⁴
906 3503 1139 3570 Gunsterwerbnng
1157 3505 1237 3558 durch
1255 3505 1295 3556 die

232 3567 360 3621 Wunsolre
378 3571 424 3622 aul
439 3571 495 3622 eine
514 3571 583 3622 nieht
597 3585 661 3636 ganz
680 3571 735 3624 sut
787 3569 894 3637 'legend
912 3570 1053 3622 verwerlen
1074 3573 1177 3638 wollte,
1201 3573 1227 3625 in
1251 3573 1296 3625 der

231 3635 297 3686 liolre
327 3635 412 3690 Weise
444 3642 600 3692 unterstirtzt
635 3639 737 3692 werden
788 3637 855 3690 That
873 3639 914 3691 die
929 3638 1036 3705 Tugend
1053 3639 1134 3692 selbst
1151 3641 1296 3694 verworlerr

230 3707 341 3756 mdssen.
789 3707 891 3758 werden
909 3709 1011 3760 mdtste.

265 3787 317 3836 qun
340 3772 452 3833 fornace
476 3774 526 3824 wie
543 3773 595 3828 llll.
619 3778 652 3827 42
675 3792 737 3826 eam
821 3778 897 3840 sequi
914 3775 963 3826 wie
982 3774 1043 3827 Sall.
1062 3776 1115 3828 Cat.
1129 3775 1189 3829 LlV.
1207 3781 1235 3830 5:
1255 3780 1295 3828 ita

230 3839 330 3904 aliquo.
788 3859 840 3907 quo
853 3845 940 3893 minue
950 3845 1056 3910 petebat
1064 3845 1182 3909 gloriam
1194 3846 1295 3910 (warh),

264 3910 294 3958 in
312 3909 413 3973 quibus.
443 3907 489 3958 Ein
507 3910 608 3962 solcher
623 3909 737 3964 Wunsch
788 3927 818 3962 eo
831 3911 1000 3975 dragouillam
1009 3914 1167 3978 sequebatur
1176 3911 1230 3978 (fiel
1243 3917 1294 3976 zu).
