2854 4522
596 264 739 319 LAEHUS·
1166 263 1207 326 63

135 437 256 498 solitum
278 445 399 499 nostros
414 455 501 498 senes
522 455 753 502 commemorare
772 437 869 500 audiri
885 436 922 499 ab
936 437 1002 502 aliis
1021 437 1143 502 senibus
1156 459 1209 503 au-

134 523 243 584 ditum:
265 523 290 583 si
306 523 374 603 quis
393 523 425 583 in
440 521 554 584 caelum
567 523 749 586 ascendisset
770 531 967 604 naturamque
980 524 1084 586 mnndi
1098 535 1128 588 et
1142 525 1210 606 pnl-

134 607 331 669 chritndinem
346 607 477 669 siderum
491 609 704 689 perspexisset,
726 609 876 670 insuavem
890 607 970 670 illam
987 609 1209 672 admirationem

136 694 163 753 ei
177 694 252 754 lore.
281 691 363 764 Quae
382 693 593 754 iocundissima
608 694 731 768 luisset,
752 693 778 754 si
798 691 925 774 aliquem
940 694 990 756 cui
1011 705 1143 758 oemret
1156 696 1209 758 ha-

133 777 256 840 buisset„
286 778 337 840 Sic
350 787 456 840 natura
471 777 636 840 solitarium
651 777 726 840 nihil
740 787 834 852 amat,
850 797 1025 860 semperque
1039 780 1075 842 ad
1089 779 1209 860 aliquod

134 875 274 943 tanquam
299 863 511 925 adminiculum
535 863 693 926 adnititur:
724 863 804 944 qnod
830 864 861 924 iu
886 864 1063 926 amicissimo
1090 883 1210 946 quoque

134 947 336 1010 dulcissimum
351 957 404 1010 est.

218 1033 319 1094 xxiv.
335 1033 393 1096 Sed
408 1053 476 1096 cum
486 1042 533 1095 tot
546 1034 641 1113 signis
662 1036 763 1098 eadem
785 1043 888 1095 natura
908 1033 1037 1096 declaret
1056 1034 1127 1115 quid
1141 1033 1210 1097 velit

134 1119 270 1200 anquirat
284 1119 446 1194 desiderem
466 1129 565 1182 tamen
580 1119 818 1183 obsurdescimus
833 1119 934 1180 nescio
954 1120 1133 1199 quomodo,
1153 1137 1210 1182 nec
1286 1155 1287 1158 =

136 1224 169 1266 ea
184 1223 259 1285 qnae
272 1205 310 1266 ah
324 1223 359 1266 ea
372 1221 531 1266 monemur
550 1205 694 1266 andimus.
723 1203 777 1265 Est
797 1203 877 1266 enim
894 1203 991 1266 rarius
1013 1213 1042 1266 et
1054 1203 1210 1286 multiplex

134 1309 208 1351 usus
227 1290 387 1364 amicitiae,
412 1289 582 1370 multaeque
603 1309 708 1353 causae
728 1289 933 1370 suspicionum
952 1289 1210 1370 offensionumque

136 1377 258 1437 danim:
280 1393 354 1456 qnas
366 1385 430 1436 tum
446 1375 569 1449 evitare,
591 1385 656 1437 tum
676 1375 803 1451 eierare,
825 1384 889 1436 tum
904 1375 981 1436 ierre
994 1374 1136 1456 sapientis
1156 1385 1209 1437 est.

135 1460 200 1522 Una
214 1460 263 1522 illa
278 1459 456 1522 sublevanda
470 1460 596 1522 offensio
611 1470 673 1536 est,
688 1469 723 1522 ut
738 1471 767 1522 et
781 1459 892 1522 utilitas
906 1459 938 1522 in
952 1459 1079 1522 amicitia
1094 1469 1123 1522 et
1138 1459 1211 1522 tides

134 1547 311 1608 retineatur:
333 1556 446 1607 namet
465 1546 608 1607 monendi
622 1546 709 1608 amici
729 1564 817 1626 saepe
837 1553 909 1608 sunt
925 1553 954 1607 et
968 1544 1160 1625 obiurgandi,
1181 1554 1211 1608 et

135 1633 210 1694 haec
222 1631 392 1712 accipienda
403 1631 496 1693 amice
507 1631 729 1693 cumbenernle
742 1633 828 1694 liunt.
859 1630 916 1692 Sed
928 1629 1029 1692 nescio
1040 1649 1099 1712 quo
1110 1631 1210 1708 modo,
1229 1645 1260 1698 eu

135 1735 237 1779 rerum
252 1729 296 1778 est
311 1717 389 1797 qnod
404 1716 436 1778 in
451 1717 561 1779 Andria
575 1716 725 1779 familiaris
738 1735 823 1778 meus
837 1716 923 1777 ticin

135 1834 263 1901 Archytas
286 1849 339 1886 von
361 1833 468 1886 Tarent:
492 1835 533 1886 ein
551 1833 646 1902 Pytha·

136 1917 227 1969 goreer
242 1917 286 1954 um
302 1905 353 1954 400
370 1917 396 1954 u.
414 1902 470 1954 (thr.

169 1987 244 2021 rencs
258 1999 294 2008 -
311 1973 344 2022 od
362 1971 424 2021 aliis
439 1972 552 2020 canitur.
583 1968 648 2020 Gato

135 2038 169 2091 Μ.
182 2037 243 2090 ΧΠΙ.
256 2042 290 2091 43
308 2055 325 2090 a
341 2041 489 2090 maioribus
505 2042 583 2102 aaut,
601 2039 648 2102 qor'

134 2124 166 2226 «be.
176 2122 261 2225 pgr-retr
277 2123 376 2174 pucros
387 2124 404 2157 o
417 2109 523 2156 eooldus
541 2104 648 2156 audesne

155 2191 195 2226 ace
211 2191 267 2226 on.

698 1832 750 1884 niel
768 1832 806 1883 ais
823 1825 943 1897 mdgiich’
958 1831 1080 1898 beseitiqt
1098 1829 1209 1886 werden.

700 1901 735 1980 Ut
749 1899 901 1980 heaeichnet
922 1898 971 1980 den
989 1897 1084 1980 ereclr
1101 1898 1146 1980 def
1163 1898 1211 1951 Be·

698 1965 1211 2114 titttthtt'ltttlththlhtt

697 2104 756 2168 illa,
773 2103 808 2156 ist
819 2103 898 2154 daher
910 2105 971 2166 (wie
983 2101 1070 2169 hhnflg
1080 2097 1132 2174 γάρ
1144 2102 1210 2154 nach

170 2243 246 2294 illam
262 2269 297 2288 =
314 2241 424 2293 illorum
440 2255 549 2292 mmm:
566 2241 584 2294 l.
604 2243 627 2293 3.

171 2309 548 2374 Quoeiucundirrimofuiraet
556 2307 646 2361 W'orte

137 2378 182 2431 des
199 2379 292 2431 Lilins.
327 2378 456 2430 Gehdrten
473 2377 511 2430 sie
529 2378 596 2429 noch
614 2393 646 2428 an

137 2447 194 2499 dem
211 2447 374 2514 hussprnche
392 2446 438 2498 des
455 2445 598 2513 Archytas,
616 2460 646 2496 so

137 2514 225 2568 wsrrde
242 2515 317 2565 illam
334 2515 538 2566 admirationem
555 2513 646 2565 anders

137 2583 241 2650 gestellt
258 2583 325 2648 sein,
347 2583 400 2635 und
423 2583 465 2635 ldr
482 2581 579 2643 foueat
594 2580 647 2635 und

137 2649 647 2713 habuisset,wasniehtznsorestimmt‚

136 2718 232 2771 mdlste
249 2716 291 2768 ein
303 2718 408 2770 anderes
420 2717 533 2785 'lempna
547 2722 647 2785 gesetzt

137 2803 201 2839 sero.

172 2855 308 2906 adnititur
324 2852 416 2918 dringt
427 2853 516 2904 immor
532 2853 598 2904 nach
613 2853 649 2904 ei-

138 2938 184 2975 ner
195 2921 285 2974 Str'rtze
296 2919 353 2972 hin:
367 2921 418 2972 wie
433 2920 477 2972 der
489 2919 648 2986 Weinstoclt,

138 2993 201 3042 vitia
223 3005 291 3055 quae
311 2993 413 3040 natura
436 2989 537 3040 caduco
555 2993 606 3052 ert,
624 2993 651 3038 et

137 3062 194 3110 nisa*
214 3057 286 3120 sulla
309 3063 348 3108 ert
369 3058 405 3108 ad
428 3062 529 3108 imam
550 3056 648 3118 fertur.

139 3128 201 3178 Cato
219 3125 253 3178 ht.
271 3124 325 3177 XV.
344 3127 385 3178 52.

171 3193 261 3244 xxiv,
271 3208 342 3242 orto
358 3193 403 3244 der
420 3193 542 3246 Verltehr.

173 3263 274 3313 dantur
290 3259 377 3310 bictcn
389 3261 443 3312 sich
461 3261 513 3326 dar,
529 3261 649 3314 hommen

139 3345 197 3382 vor:
211 3345 277 3394 quos
289 3326 367 3380 wolle
378 3343 437 3379 man
449 3329 520 3380 nicht
531 3329 577 3382 nul
588 3343 650 3380 can-

138 3413 184 3449 sae
199 3397 331 3448 heziehen.

93 3482 100 3491 ·
174 3469 275 3516 euitare
291 3463 448 3528 vermeiden‚
473 3463 578 3514 eleuare
593 3478 650 3515 vcr-

140 3533 268 3585 mindern:
286 3532 339 3598 vgl.
358 3532 495 3598 depressor
512 3532 650 3582 eldmen-

139 3617 185 3651 eor
201 3599 435 3666 (niedergezw'anqt
452 3598 504 3651 und
519 3598 650 3664 niederge·

141 3667 228 3733 senltt)
246 3669 308 3720 Coto
320 3666 354 3720 M.
366 3667 429 3721 xxt
443 3671 484 3731 tt,
502 3667 650 3732 digressum

141 3742 167 3787 at
178 3737 319 3788 desomnem
329 3735 465 3798 (Scheiden
476 3734 528 3788 und
540 3733 650 3797 Meiden)

142 3805 204 3856 Galo
221 3803 254 3857 M.
273 3803 359 3856 xxtlt.
377 3807 418 3857 85.

174 3872 337 3924 collocanda
349 3871 402 3924 Nur
414 3872 458 3924 der
476 3871 532 3923 eine
544 3869 651 3922 Anstots

141 3940 209 3993 muts
227 3933 348 3994 ‘leichter‘
374 3940 504 4007 gemacht,
524 3937 596 4004 ,muts
613 3931 652 3991 ‘so

698 2167 774 2236 τάδε)
803 2170 934 2223 entweder
963 2171 1042 2223 durch
1069 2164 1207 2223 ‘nimlich’

697 2240 759 2294 oder
771 2255 816 2306 gar
827 2239 898 2292 nicht
910 2255 942 2292 au
954 2239 1113 2292 ubersetaen.
1135 2237 1167 2293 N.
1180 2237 1209 2293 Ι).

696 2309 724 2360 11.
748 2311 772 2362 9.
792 2310 825 2360 tt
849 2307 927 2372 Quod
948 2308 1054 2374 quidem
1073 2307 1211 2360 Choathras

698 2380 778 2428 auom
787 2369 844 2426 ‘hir’
855 2379 1024 2442 cognomentis
1033 2375 1117 2440 docet,
1126 2390 1211 2440 paran-

699 2443 1209 2508 toossinritoolorr‘ra'nomnicorporm

697 2518 782 2578 nogat
809 2505 906 2564 ‘anim’
943 2515 993 2564 etc.
1038 2510 1088 2564 Iter
1115 2509 1210 2563 hutols

699 2581 780 2634 selhst
797 2580 901 2633 hesteht
918 2579 997 2646 daria,
1015 2593 1067 2632 von
1079 2578 1124 2631 der
1135 2578 1210 2630 einen

699 2649 769 2702 Seite
793 2647 850 2700 dass
868 2648 910 2700 die
927 2646 1060 2700 Wahrheit
1079 2646 1149 2728 nicht
1167 2661 1211 2712 qe·

698 2713 1211 2861 :cognoriteducuntur

698 2866 812 2915 nennen,
834 2851 878 2902 hat
897 2849 984 2903 dicero
1003 2849 1087 2916 glerch
1105 2848 1146 2901 dre
1165 2863 1210 2901 aus

699 2920 745 2972 der
761 2918 925 2970 sublevando
943 2919 1055 2982 offama'o
1073 2917 1127 2970 sich
1140 2931 1212 2984 erge·

699 2986 783 3040 hendo
800 2985 894 3038 Phicht
911 2985 1068 3051 hingestellt.

735 3055 1102 3120 admonendietodiurgondt,
1113 3058 1139 3104 et
1148 3055 1212 3104 hoec

700 3122 984 3206 (diesenllrinnerupgen
1002 3122 1053 3202 upd
1065 3120 1211 3184 Vcrwdrle)

700 3191 863 3312 tilloit
876 3190 1211 3326 {distetisset

700 3327 753 3380 und
771 3327 847 3380 dritte
866 3327 1082 3396 correspondiren.

735 3397 776 3448 89.
794 3399 883 3447 ataroth
901 3411 953 3462 qno
975 3394 1053 3445 modo
1122 3393 1211 3442 roardo

701 3479 752 3530 qno
766 3469 848 3530 pacto
866 3464 883 3516 1.
901 3469 926 3528 t,
944 3462 999 3513 hier
1015 3459 1068 3513 nnd
1085 3475 1143 3512 aum
1158 3457 1211 3512 hn-

701 3533 777 3597 lange
795 3531 840 3584 des
859 3532 918 3597 Gap.
938 3530 995 3582 dem
1007 3527 1146 3580 deutschen
1156 3520 1212 3580 ‘lei-

700 3595 751 3652 der’
770 3599 910 3651 verwandt.

736 3666 882 3728 familiana
903 3680 977 3716 mean
999 3663 1043 3716 der
1066 3663 1144 3717 durch
1162 3663 1211 3716 den

702 3735 799 3788 Namen
818 3733 864 3784 des
877 3731 987 3785 Stuches
999 3731 1156 3799 hinlinqlich
1168 3731 1213 3782 be·

703 3802 835 3854 zeichnete
857 3799 886 3854 P.
905 3799 1039 3854 Terentius
1056 3799 1129 3864 hier,
1153 3798 1211 3866 qeb.

702 3885 735 3922 zu
754 3869 880 3934 Carthago
900 3871 962 3935 193,
986 3873 1051 3935 gest.
1075 3867 1120 3921 aui
1142 3867 1212 3918 einer

706 3941 753 3992 too
773 3941 954 4005 angetretenen
968 3936 1043 3990 Reise
1061 3936 1126 3992 nach
1143 3935 1213 3988 Gric-
