2854 4522
223 267 263 330 32
688 269 829 325 Latmus,

222 451 335 524 potest,
351 443 460 505 idcireo
475 461 560 504 verae
574 443 717 504 amicitiae
732 443 929 524 sempiternae
944 453 1023 505 sunt.
1055 442 1160 506 Ortum
1175 444 1294 525 quidem

221 528 366 590 amicitiae
380 528 499 602 videtis,
523 529 579 589 nisi
595 528 666 608 quid
688 528 723 590 ad
737 531 811 590 baec
832 528 910 590 lorte
924 528 1020 590 vultis.
1050 529 1218 591 Flauius.
1248 529 1294 590 'lu

221 631 289 674 vero
304 631 410 694 perge,
431 613 521 674 Laeli.
549 614 607 674 Pro
622 615 680 675 boc
696 613 790 686 enim,
806 614 857 693 qui
871 615 970 675 minor
984 622 1030 675 est
1044 622 1132 688 natu,
1147 631 1214 674 meo
1229 615 1294 675 iure

222 699 397 778 respondeo.
428 698 628 759 Scnnvonn.
657 697 748 760 Recte
771 709 801 760 tu
823 698 951 779 quidem.
982 698 1075 770 Quam
1098 697 1136 760 ob
1157 717 1221 760 rem
1241 717 1294 760 au·

220 783 343 844 diamus.

168 877 197 926 33
304 868 339 928 X.
355 868 523 931 Laenius.
549 868 655 929 Audite
670 886 756 942 vero,
776 867 879 948 optimi
893 868 964 940 viri,
987 887 1020 929 ea
1036 887 1111 948 quae
1125 869 1294 949 saepissime

220 953 359 1014 interme
374 964 403 1015 et
413 952 586 1034 Scipionem
600 953 637 1014 de
651 953 779 1014 amicitia
792 953 1021 1014 disserebantur.
1051 952 1234 1034 Quamquam
1244 954 1293 1017 ille

221 1038 339 1118 quidem
360 1037 435 1100 nihil
456 1039 604 1100 difficilius
625 1056 689 1099 csse
708 1037 840 1113 dicebat,
863 1056 949 1118 quam
971 1039 1127 1114 amicitiam
1149 1041 1293 1119 usquead

221 1133 383 1184 extremum
397 1124 472 1184 vitae
486 1124 563 1184 diem
579 1141 768 1204 permanere:
786 1141 852 1184 nam
867 1123 913 1183 vel
922 1132 962 1184 ut
976 1141 1036 1185 non
1052 1124 1129 1185 idem
1145 1125 1294 1205 expediret

220 1209 339 1288 utrique
354 1208 485 1270 incidere
500 1227 597 1288 saepe,
617 1207 662 1269 vel
676 1217 709 1270 ut
724 1209 760 1269 de
774 1227 807 1270 re
822 1207 940 1288 publica
956 1227 1015 1270 non
1032 1209 1108 1270 idem
1125 1210 1292 1273 sentiretur.

152 1321 158 1334 .
220 1293 326 1354 Mutari
342 1294 428 1354 etiam
443 1311 543 1354 mores
555 1295 710 1355 hominum
725 1312 812 1375 saepe
827 1292 958 1364 dicebat,
979 1293 1049 1356 alias
1063 1295 1190 1356 adversis
1204 1295 1293 1356 rebus

220 1377 290 1438 alias
304 1386 397 1440 aetate
412 1378 642 1457 ingravescente.
672 1380 768 1458 Atque
783 1396 883 1440 carum
904 1397 1003 1440 rerum
1022 1379 1189 1460 exemplum
1204 1399 1240 1442 ex
1253 1381 1293 1441 si·

221 1461 386 1524 militudine
401 1463 534 1544 capiebat
549 1463 679 1525 ineuntis
694 1463 808 1537 aetatis,
823 1464 902 1543 quod
917 1465 1024 1525 summi
1039 1483 1200 1544 puerorum
1211 1483 1293 1526 emo·

168 1558 199 1608 34
218 1566 374 1629 res·saepe
396 1567 544 1610 unacum
567 1557 715 1628 praetexta
735 1556 803 1627 toga
829 1557 1020 1628 ponerentur.
1059 1549 1110 1610 Sin
1137 1559 1234 1611 autem
1256 1551 1294 1612 ad

220 1632 447 1696 adulescentiam
462 1633 683 1714 perduxissent3
704 1633 802 1695 dirimi
814 1642 911 1695 tamen
934 1635 1082 1696 interdum
1100 1634 1293 1696 contentione

219 1716 264 1778 vel
279 1719 399 1780 uxoriae
414 1718 606 1795 condicionis,
624 1719 668 1780 vel
684 1719 830 1780 commodi
845 1717 969 1779 alicuius
984 1719 1063 1799 quod
1078 1719 1155 1782 idem
1170 1720 1293 1801 adipisci

255 1902 292 1953 ad
303 1903 369 1954 lance
381 1903 492 1955 niimlicb
501 1903 660 1970 respondere
669 1901 731 1954 oder
781 1901 897 1953 Freunde
906 1901 1033 1954 durchnus
1043 1902 1291 1957 derselbenAnsicbt

220 1971 317 2035 dicere,
335 1971 385 2022 wie
397 1986 443 2023 aus
455 1971 500 2022 der
513 1970 634 2024 Antwort
646 1969 730 2036 (Ncin
782 1984 911 2036 genesen.

220 2038 291 2090 fabre
303 2054 350 2090 nur
362 2034 435 2090 sort':
448 2038 500 2104 vgl.
511 2038 561 2090 Vll.
573 2041 616 2103 nt)
630 2039 729 2091 erbellt.
816 2039 926 2104 enpedit
942 2053 969 2089 es
981 2037 1041 2089 billi
1052 2038 1144 2092 hernus
1157 2039 1218 2092 oder
1233 2055 1291 2092 vor-

219 2106 317 2156 Diecre
334 2107 371 2157 ad
387 2106 495 2170 aliquid
510 2106 544 2158 ist
561 2106 666 2159 mildere
682 2106 730 2158 Be-
781 2107 869 2171 wirte,
887 2106 922 2158 ist
939 2105 1084 2160 ldrderlich.

219 2173 363 2254 zcicbnunp
380 2174 420 2226 fiir
437 2168 549 2257 ‘pepon'
570 2179 659 2240 etwas,
679 2176 729 2226 wie
816 2175 934 2226 incidere
945 2190 996 2226 von
1009 2174 1093 2226 einem
1102 2175 1292 2230 Zwiscbenlall.

219 2241 261 2292 bei
283 2256 332 2293 uns
369 2241 460 2294 darauf
494 2241 560 2293 habe
581 2242 624 2293 ich
648 2247 730 2294 etwas
816 2242 884 2293 oliae
906 2272 940 2282 -
964 2243 1033 2294 oliae
1056 2243 1132 2295 woist
1153 2244 1199 2296 aul
1214 2261 1292 2311 coepe

219 2325 252 2360 zu
263 2309 417 2360 erwiedern:
431 2309 462 2361 de
474 2308 530 2362 Div.
539 2309 567 2362 ll.
578 2312 627 2363 3.8
640 2311 730 2361 dicen-
779 2310 883 2362 zuniclt.

220 2376 283 2428 dum
295 2382 333 2427 eet
344 2379 413 2428 mibi
423 2377 460 2428 ad
471 2394 502 2427 ea
513 2393 581 2442 qnae
591 2394 608 2427 α
620 2382 647 2428 tc
655 2378 728 2429 dicta
814 2382 1000 2444 ingravescere
1009 2377 1168 2430 drtickender
1176 2379 1290 2435 werden.

217 2450 288 2496 erent.
779 2446 814 2498 lm
827 2445 975 2512 llolgcnden
986 2446 1052 2497 wind
1068 2461 1101 2497 an
1117 2446 1162 2498 der
1173 2447 1292 2501 llnaben-

252 2529 310 2564 meo
322 2516 382 2563 inre
393 2513 459 2564 nach
471 2512 529 2565 dem
537 2514 585 2564 mir
594 2513 730 2566 nustehen·
780 2514 831 2565 neit
848 2513 950 2580 geaeigt
967 2528 1022 2564 was
1038 2513 1157 2579 viellacb,
1177 2516 1229 2567 und
1247 2531 1292 2568 na-

220 2579 270 2632 dcn
287 2580 392 2632 Rechte.
779 2581 903 2642 mentlich
919 2581 954 2631 im
973 2581 1092 2648 spiteren
1105 2581 1178 2633 Alter
1196 2598 1228 2634 zu
1246 2599 1293 2650 ge-

252 2648 282 2700 ll.
302 2651 342 2702 33.
355 2649 456 2700 Audite
469 2665 532 2700 cero
544 2646 662 2701 scblielst
673 2650 729 2701 sich
779 2649 891 2701 scheben
908 2648 1000 2714 pilcgc.

219 2731 251 2768 au
266 2716 360 2768 Ortum
373 2718 478 2783 quidem
491 2733 531 2784 an,
549 2718 587 2769 als
600 2719 668 2769 wire
686 2717 727 2770 die
814 2719 854 2770 ³4.
873 2717 922 2768 Sin
940 2716 1016 2768 meist
1031 2716 1086 2768 hier
1098 2716 1169 2769 nicht
1187 2718 1232 2770 aui
1248 2721 1291 2772 ein

218 2785 344 2837 nebenbei
374 2785 501 2852 gelallene
532 2785 727 2838 Zwischenrcde
779 2783 999 2850 voreuigelrendes
1015 2787 1048 2850 et,
1066 2785 1176 2837 sondern
1189 2785 1234 2838 auf
1244 2787 1290 2842 das

218 2867 263 2918 gar
281 2853 351 2905 nicht
368 2854 524 2906 vorbendeu.
779 2853 928 2906 vernandtc
956 2854 1029 2919 quod
1054 2853 1159 2924 (itidem)
1186 2855 1290 2922 zurdclt,

253 2925 347 2986 optimi
358 2925 412 2973 viri
423 2923 469 2974 mit
480 2922 635 2974 besondercr
644 2921 730 2974 Riiclt·
779 2921 864 2974 wolin
881 2921 1007 2974 ebenfalls
1024 2921 1088 2974 auch
1100 2925 1124 2972 ai
1136 2921 1197 2974 oder
1208 2926 1291 2990 niqui·

219 2987 285 3040 sicbt
303 2989 348 3040 aui
364 2988 405 3041 die
422 2990 559 3056 politische
572 2989 727 3055 Gesinnung.
780 2990 838 3041 dem
856 2990 946 3042 slehen
967 2989 1072 3042 ltdnnte.
1109 2989 1144 3042 So
1162 2989 1236 3044 llllll.
1255 2995 1288 3045 63

218 3053 264 3105 Die
291 3056 442 3122 patriotiscb
466 3059 600 3124 gesinnten
623 3056 729 3108 Minner
780 3058 825 3111 aui
840 3061 870 3108 in
886 3072 986 3122 magna
1004 3059 1158 3123 (pecnnia),
1176 3060 1289 3120 welches

218 3122 300 3175 sollcn
318 3124 406 3189 bdren,
424 3126 475 3177 wie
489 3126 529 3177 die
541 3125 726 3177 Frcundscbalt
777 3141 797 3178 s.
810 3143 835 3178 v.
848 3141 870 3177 e.
887 3128 912 3175 si
922 3123 1009 3185 suerit
1023 3129 1163 3193 proposita
1180 3142 1289 3194 magna,

217 3206 265 3243 vor
274 3190 341 3242 allen
350 3191 449 3258 Diogen
462 3193 727 3260 nichtunpatriotiscb
776 3193 829 3245 und
846 3191 910 3245 lllll.
928 3195 959 3245 te
973 3193 1019 3245 aul
1028 3209 1062 3244 ne
1075 3211 1128 3260 qno
1140 3198 1289 3247 amicornm

218 3259 329 3312 handeln
351 3259 435 3312 ddriet
457 3260 498 3313 lll.
516 3261 568 3312 llll.
586 3260 644 3327 Vgl.
663 3262 725 3314 (lato
778 3261 891 3312 de'ecidic
909 3261 979 3323 fiant
993 3265 1063 3312 εει·
1080 3263 1115 3326 tin
1134 3263 1192 3315 dem
1210 3263 1288 3316 Sinne

218 3327 252 3382 Μ.
269 3327 321 3380 Xll.
335 3330 379 3381 39:
396 3330 518 3394 Accipite
536 3331 615 3394 enim,
633 3332 728 3395 optimi
777 3344 828 3380 von
841 3329 886 3393 an)
894 3332 1001 3395 possint
1015 3334 1163 3382 amicorum
1176 3331 1289 3383 discidio

218 3395 405 3463 adulescentes,
417 3401 465 3448 etc.
482 3395 554 3448 llann
566 3396 583 3462 ξ
595 3400 642 3449 40:
658 3398 728 3448 Hinc
778 3397 903 3449 debitori.

215 3468 325 3529 patriae
347 3466 529 3530 proditiones,
551 3465 615 3516 binc
635 3479 727 3516 rerunt
813 3465 849 3515 cd
860 3465 1068 3517 adulescentiam
1080 3465 1288 3518 bezeicbnctna-

215 3531 387 3596 publicorum
405 3535 564 3597 conciones,
588 3534 651 3583 binc
668 3548 728 3584 cum
778 3533 872 3585 ttirlicb
889 3533 930 3586 die
942 3535 998 3586 Zcit
1015 3533 1080 3585 nach
1095 3532 1140 3585 der
1151 3532 1288 3602 Anlegung

219 3599 338 3650 dontibus
355 3601 522 3654 clandestina
534 3600 668 3666 colloquia
679 3617 728 3659 nn-
778 3601 823 3654 der
840 3607 904 3667 toga
921 3602 1015 3654 virilia.

216 3668 264 3718 eci.
807 3671 999 3736 perduxissent
1029 3666 1155 3736 ‘pueri’,
1194 3671 1288 3722 dirimi

252 3733 449 3788 inserebantur
466 3753 518 3790 von
533 3737 591 3790 dem
603 3753 658 3790 was
674 3730 728 3804 ‘ge
777 3729 907 3790 ‘omoree'.
942 3737 978 3790 Zu
995 3737 1153 3804 perducente
1170 3739 1287 3791 istamo-

219 3797 409 3868 sprticbsweise’
429 3806 579 3858 verbandelt
596 3805 692 3858 wurde.
777 3822 821 3857 nee
838 3822 870 3858 nu
888 3805 988 3858 denken
1007 3807 1058 3858 wie
1075 3807 1138 3858 (leto
1156 3805 1190 3860 tt.
1209 3805 1285 3860 llllll.

253 3870 411 3936 &anquam
423 3872 473 3937 (lll.
487 3877 530 3940 29)
541 3875 671 3941 begegnet
683 3875 728 3927 der
778 3876 810 3926 60
828 3877 892 3939 agri
908 3874 1013 3925 colendi
1028 3875 1127 3926 studia.

217 3937 370 4022 Ernartung
400 3940 437 3992 als
467 3942 537 3993 scien
567 3943 608 3996 die
634 3943 726 3996 beiden
812 3942 943 3994 commodi
965 3943 1087 3996 alienius.
1122 3941 1169 3995 llit
1187 3944 1286 4010 aliquis
