2854 4522
216 237 256 302 68
681 238 822 294 thhltts.

217 415 254 476 do
270 413 299 475 id
314 413 491 494 patefactum
507 421 536 474 et
550 411 726 476 illustratum
738 419 798 474 est:
816 411 886 492 quid
897 411 929 472 in
944 409 1071 472 amicitia
1083 410 1146 474 fieri
1159 418 1287 490 oportet,

217 517 293 580 quae
307 506 369 560 tota
383 497 504 560 veritate
517 495 737 578 perpenditur?
766 496 801 558 ln
817 515 874 576 qua
889 495 956 570 nisi,
972 503 1005 557 ut
1019 495 1136 571 dieitur,
1153 503 1287 576 apertum

216 591 320 664 peetus
338 582 436 644 rideas
457 591 600 663 tuumque
622 582 759 644 ostendas
766 599 775 657 ;
798 580 872 642 nihil
893 581 985 642 lidum
1007 580 1081 642 nihil
1103 579 1286 662 exploratum

216 668 333 742 habeas,
349 687 388 728 ne
402 687 500 730 amare
515 668 633 748 quidem
648 675 698 730 aut
712 666 815 739 amari,
828 683 897 728 oum
911 665 941 727 id
957 665 1128 747 quamvale
1139 665 1190 728 liat
1201 665 1287 744 igno·

215 771 273 814 res.
303 751 485 833 Quamquam
500 753 555 814 ista
569 752 745 826 assentatio,
768 751 900 831 quamuis
921 750 1088 832 perniciosa
1103 751 1156 825 sit,
1178 769 1287 812 nocere

214 847 312 900 manen
328 838 439 898 nemini
454 847 552 918 potest
566 837 624 899 nisi
639 837 683 913 ei,
699 837 750 917 qui
767 854 830 898 eam
845 835 951 918 reeipit
964 844 1052 916 atque
1067 855 1101 898 ea
1116 835 1285 898 delectatur.

215 922 258 984 lta
279 923 312 984 tit
326 931 360 984 ut
373 923 399 984 is
413 922 643 985 assentatoribus
654 921 811 1003 patefaciat
826 939 911 984 aures
926 939 994 982 suas
1008 921 1143 996 maxime,
1160 921 1210 1001 qui
1221 920 1285 1000 ipse

166 1019 194 1071 98
216 1007 271 1070 sibi
291 1015 457 1070 assentetur
479 1015 554 1069 etse
575 1008 699 1068 maxime
722 1007 787 1088 ipae
801 1006 936 1068 delectet.
966 1005 1095 1068 Omnino
1118 1015 1163 1068 est
1185 1023 1287 1068 amans

215 1093 261 1172 sui
276 1092 384 1168 uirtus;
408 1092 519 1174 optime
534 1093 613 1154 enim
628 1111 660 1154 se
675 1093 738 1172 ipsa
753 1091 850 1166 norit,
873 1109 1019 1172 quamque
1040 1090 1173 1152 amabilis
1188 1091 1225 1152 sit
1239 1091 1287 1152 in·

215 1177 335 1256 telligit:
359 1195 414 1256 ego
430 1189 527 1239 autem
543 1195 604 1239 non
620 1177 656 1238 de
670 1176 777 1238 virtute
795 1195 876 1238 nune
896 1175 1018 1256 loquor,
1042 1176 1093 1238 sed
1115 1177 1152 1237 de
1172 1175 1287 1238 virtutis

215 1261 365 1342 opinione.
398 1261 510 1335 Virtute
532 1261 610 1324 enim
632 1262 698 1343 ipsa
713 1280 774 1323 non
789 1269 848 1324 mm
863 1261 947 1323 multi
969 1260 1092 1342 praediti
1114 1279 1286 1341 essequam

214 1346 305 1408 videri
319 1346 431 1408 volunt.
461 1347 524 1410 llos
538 1347 662 1409 delectat
676 1347 852 1422 assentatio;
873 1346 920 1408 his
934 1347 1021 1408 dotus
1035 1347 1072 1429 ad
1087 1346 1219 1426 ipsomm
1234 1365 1285 1406 vo·
1374 1387 1377 1394 -

214 1431 358 1508 luntatem
379 1449 476 1492 sermo
499 1450 566 1494 oum
587 1432 759 1508 adhibetur,
790 1431 953 1494 orationem
976 1430 1054 1492 illam
1077 1448 1180 1492 vanam
1203 1431 1286 1492 testi·

213 1516 347 1578 monium
362 1535 426 1578 esse
441 1517 561 1580 laudum
576 1536 696 1580 suarum
711 1526 825 1599 putant.
856 1515 941 1578 Nulla
957 1523 1000 1578 est
1023 1515 1113 1594 igitur
1128 1517 1200 1578 haee
1214 1515 1304 1576 ami-·

214 1601 299 1675 eitia,
323 1619 390 1664 cum
412 1601 487 1665 alter
501 1620 600 1664 verum
623 1602 723 1664 audire
746 1619 807 1662 non
831 1601 908 1676 vult,
932 1601 1005 1662 alter
1026 1601 1062 1662 ad
1084 1600 1286 1662 mentiendum

106 1701 108 1706 ·
214 1694 333 1766 paratus
348 1695 400 1747 est.
430 1687 491 1748 Neo
505 1689 701 1768 parasitorum
723 1685 754 1748 in
770 1685 931 1748 comoediis
951 1685 1108 1747 assentatio
1124 1687 1214 1748 faceta
1230 1702 1285 1746 no·

214 1770 260 1832 bis
270 1771 426 1845 videretur,
443 1771 499 1832 nisi
512 1781 610 1833 essent
624 1771 736 1832 milites
744 1769 876 1850 gloriosi.

299 1855 422 1936 Mamaos
442 1875 509 1920 vero
532 1876 615 1937 oqere
635 1859 744 1937 oratius
770 1855 794 1917 Τ
793 1855 855 1918 bais
879 1853 974 1916 mihil

212 2012 369 2128 Hapmllm
393 2012 486 2070 pertus
512 2007 602 2060 uidere
627 2009 653 2062 in
678 2008 724 2062 das
775 2004 1026 2126 tenBVerballllregrill
1046 2005 1287 2126 ‹Rinenfifoinl‘aohon<3

235 2089 276 2126 erz
294 2089 322 2126 se
341 2090 380 2128 en.
775 2091 797 2128 a.
836 2090 925 2126 ,οπο
946 2090 998 2138 ere,
1015 2089 1050 2126 un
1102 2090 1114 2126 r
1144 2089 1171 2126 e:
1209 2090 1261 2126 onn

246 2147 375 2209 tuumque
398 2144 520 2196 ostendar
546 2145 624 2199 nimi.
648 2158 725 2210 uper·
775 2157 803 2195 es
816 2141 881 2194 auch
893 2141 1067 2194 eaeoellere
1083 2090 1163 2208 guam
1175 2143 1288 2194 videri

213 2216 277 2262 tum.
775 2226 811 2264 so.
830 2210 960 2262 eoeeellare
976 2209 1093 2262 heilsen?

246 2281 335 2330 amori
350 2277 514 2345 GegenHebe.
810 2279 954 2330 adhibetur
986 2271 1178 2344 ‘anigelisoht',
1208 2277 1287 2330 damit

246 2362 306 2398 rum
324 2347 355 2398 id
371 2363 451 2414 quam
468 2362 529 2398 uere
546 2344 596 2408 fiat
607 2347 724 2410 ignmea
775 2335 961 2414 ‘ausgewartet‘
983 2345 1053 2398 wird.

213 2411 605 2480 Solltea'dSubJeotsnominativ
617 2412 681 2478 sein,
693 2429 722 2466 so
809 2415 918 2466 laudum
941 2429 1052 2465 suarum
1075 2413 1141 2464 ihrer
1158 2411 1286 2480 Vorzdge.

211 2482 283 2536 nette
306 2483 361 2534 hier
384 2482 428 2534 der
446 2481 510 2534 Sinn
530 2481 570 2532 die
587 2479 724 2534 Wortstel-
807 2498 900 2534 uerum
917 2481 1014 2532 audire
1030 2497 1085 2532 non
1101 2481 1176 2532 uult:
1197 2480 1286 2535 XXIV.

212 2551 275 2616 long
298 2565 378 2616 quam
395 2550 426 2601 id
441 2544 503 2600 uere
519 2549 570 2610 fiat
591 2547 722 2616 verlangt:
773 2552 806 2604 90
824 2554 857 2600 ut
872 2565 965 2600 ueram
982 2549 1078 2600 audire
1094 2553 1217 2614 nequeat.

212 2617 263 2682 vgl.
282 2632 362 2683 quom
378 2618 409 2668 id
424 2622 496 2668 reeta
511 2615 614 2677 fariam
631 2615 721 2668 lll.10.
806 2615 862 2669 ll'ao
872 2619 943 2668 —in
953 2616 1102 2668 o'omoedh'r.
1112 2613 1187 2668 Sinn:
1198 2614 1287 2670 Selbst

213 2683 248 2738 So
259 2685 295 2737 ist
306 2684 347 2736 die
359 2683 440 2737 Stella
455 2684 521 2738 nach
532 2682 665 2750 Malsgahe
677 2683 722 2736 des
772 2685 799 2736 in
826 2683 871 2736 der
893 2683 1018 2736 llomddie
1044 2683 1143 2736 kommt
1169 2700 1217 2736 uns
1244 2684 1286 2736 die

212 2751 437 2806 Terentianisehen
453 2755 615 2804 aoin'main
628 2753 723 2818 quidue
773 2751 958 2806 Sehmeiobelei
981 2769 1029 2804 nur
1052 2752 1119 2804 daun
1142 2753 1208 2818 artig
1231 2769 1286 2816 ror,

211 2823 262 2872 eim
276 2822 388 2886 gaudio
405 2821 479 2886 (Eun.
497 2819 528 2873 V.
546 2823 570 2874 9.
590 2823 616 2886 5)
637 2836 669 2872 zu
687 2835 725 2872 er·
775 2836 853 2874 wenn
876 2821 913 2873 sie
937 2835 1020 2887 gagen
1041 2819 1192 2872 licherliehe
1216 2819 1287 2872 blen-

211 2887 314 2940 maren:
340 2889 393 2956 vgl.
436 2891 618 2956 errpioiuatur
645 2903 725 2954 quom
776 2889 855 2942 seben
876 2887 1047 2956 angewendet
1063 2887 1134 2940 wird.

211 2959 267 3006 rint
284 2955 391 3008 lavesll
415 2957 443 3008 11.
462 2961 503 3012 63.
809 2959 907 3008 militer
915 2957 1046 3022 gloriosi:
1061 2956 1111 3007 wie
1123 2955 1200 3008 deren
1213 2955 1287 3008 einen

245 3027 343 3090 recipit
360 3017 397 3076 ‘in
414 3025 470 3077 sein
487 3017 557 3078 llerz’
577 3011 724 3078 aulnimmt:
775 3025 882 3078 Plautus
903 3025 929 3076 in
947 3024 1044 3076 seinem
1061 3023 1137 3075 Miles
1151 3024 1287 3089 gloriosus

212 3091 383 3157 accipiuntur
413 3093 516 3156 oblata,
552 3095 726 3160 ereehfiontur
775 3093 945 3157 (Bramarbas)
973 3091 1131 3157 gezeiohnet.
1166 3091 1211 3144 llie
1234 3092 1287 3144 dn·

212 3162 354 3224 uenientia,
371 3162 541 3242 recipiuntur
557 3177 692 3212 mansuro.
775 3160 894 3228 spielung
905 3160 945 3211 ist
956 3157 1160 3222 unverkennbar,
1179 3159 1224 3212 das
1239 3159 1288 3212 iol·

246 3231 287 3282 98.
303 3227 415 3280 Omnino
434 3223 579 3294 allerdings’
590 3249 595 3280 :
607 3227 725 3294 augleich
794 3227 858 3280 ende
871 3227 938 3278 Gitat
950 3227 1011 3278 aber
1023 3243 1068 3279 aus
1081 3225 1138 3278 dem
1148 3227 1287 3280 Eunucben

211 3295 339 3361 bejahend
355 3293 408 3346 und
426 3295 597 3350 einrdumend.
776 3243 822 3348 des
839 3294 936 3346 Terenz
954 3294 1035 3348 llll.
1055 3297 1078 3360 1,
1101 3311 1143 3348 wo
1161 3295 1286 3348 ebenlalls

247 3363 279 3414 de
294 3365 405 3414 uirtutis
418 3365 543 3430 opinione
559 3378 611 3416 von
629 3355 725 3430 ‘einge
775 3363 817 3416 ein
828 3361 979 3415 Bramarbas
992 3361 1103 3416 Namens
1115 3361 1213 3416 Thraso
1225 3366 1288 3430 (von

211 3425 332 3484 bildeter‘
352 3429 474 3497 'lugende
501 3429 591 3482 anders
614 3433 725 3482 uirtutr's
774 3425 890 3512 θρασύς,
907 3424 1092 3494 also‘dene')
1110 3430 1217 3496 austritt,
1235 3431 1287 3483 und

214 3501 304 3565 opinio
321 3498 363 3552 lll.
382 3502 425 3553 37.
776 3515 864 3552 semen
877 3497 1057 3564 Sohmeichler‚
1075 3497 1125 3550 den
1136 3498 1231 3552 berella
1249 3513 1287 3551 er·

242 3567 366 3632 praediti
383 3583 436 3618 esra
452 3581 532 3632 quom
544 3565 638 3618 uideri.
665 3561 725 3618 Man
775 3567 896 3619 wihnten
915 3567 1030 3632 Gnatho,
1054 3566 1122 3632 lragt
1145 3567 1194 3618 wie
1216 3567 1286 3619 seine

211 3633 256 3686 hat
268 3632 409 3701 bebauptet
422 3635 493 3687 nicht
504 3651 557 3686 aare
568 3631 724 3700 undoideri,
773 3634 892 3688 Geliebte
909 3633 988 3688 Thais
1011 3633 1057 3687 das
1076 3633 1116 3686 ihr
1132 3634 1286 3687 hbersandte

212 3699 322 3754 sondem
341 3703 502 3767 praediti
526 3719 579 3754 aare
601 3701 653 3754 und
674 3704 725 3754 ui·
775 3701 910 3755 Geschenh
926 3702 1123 3768 aulgenommen
1140 3701 1214 3756 habe.

213 3769 232 3822 d
237 3772 290 3821 eri
303 3784 338 3822 so.
344 3770 466 3834 praediti
477 3787 530 3822 aare
539 3769 630 3822 stehen
639 3769 725 3823 einan·
807 3771 923 3836 Magnae
939 3786 1001 3822 vero
1019 3786 1102 3838 agere
1117 3769 1216 3822 lebhait
1232 3769 1285 3822 ihr:

212 3837 257 3890 der
268 3837 422 3904 gegenhber.
440 3835 486 3889 Die
496 3837 578 3890 Probe
590 3839 625 3890 ist
636 3839 723 3892 leieht.
773 3839 836 3890 Aia’
854 3854 918 3890 vero
936 3838 998 3892 oder
1016 3839 1150 3890 Vnumne
1171 3844 1210 3889 est
1231 3853 1287 3888 ma-

212 3905 272 3958 blan
284 3909 354 3958 setae
366 3904 407 3956 ihr
418 3903 468 3956 den
479 3911 726 3972 zusammengesetz-
772 3921 843 3971 guar
860 3910 957 3974 agere?
984 3893 1060 3960 hhnl.
1072 3905 1149 3960 Andr.
1167 3905 1185 3961 1.
1202 3910 1225 3959 5.
1242 3909 1286 3959 to:
