2854 4522
611 273 753 328 munus.
1179 273 1221 335 53

148 444 227 505 enim
242 443 430 508 excellentiae
445 446 587 527 quaedam
601 453 687 521 sunt,
709 445 804 526 qualis
819 454 881 508 erat
902 443 1051 526 Scipionis
1070 448 1102 509 in
1118 459 1221 512 nostro

147 539 181 591 ut
201 530 241 592 ita
262 530 356 592 dicam
379 549 477 611 grege.
513 531 671 612 Nunquam
688 549 721 592 se
749 530 799 591 ille
819 530 904 591 Philo
929 549 1080 612 nunquam
1101 532 1220 614 Rupilio

147 633 300 695 nunqnam
314 616 457 678 Mummio
471 617 655 700 anteposuit,
677 631 830 695 nunqnam
849 615 998 678 interioris
1022 617 1134 679 ordinis
1148 621 1221 682 ami·

147 700 205 761 eis:
227 699 262 771 Q.
283 719 352 764 vero
372 701 537 781 blarimump
554 702 689 775 fratrem,
715 699 867 779 egregium
885 699 981 762 virum
1003 703 1142 778 omnino,
1164 705 1221 766 sibi

147 803 332 866 nequaquam
348 803 465 868 param,
488 787 567 868 qnod
580 787 605 848 is
619 785 749 848 anteibat
762 793 855 848 aetate
876 794 1016 866 tanquam
1036 787 1221 870 superiorem

146 869 277 944 colebat,
301 890 433 952 suosque
455 891 559 934 omnes
581 889 635 952 per
659 889 691 932 se
717 889 806 952 possa
831 889 896 932 esse
916 872 1074 952 ampliores
1096 872 1220 936 volabat.

146 953 232 1026 Quod
246 956 413 1018 iaciendum
434 957 667 1036 imitandumque
689 965 734 1018 ast
748 955 903 1029 omnibns,
924 965 957 1018 ut
977 958 1002 1018 si
1023 975 1111 1038 quam
1134 977 1221 1039 praa·
1242 972 1272 1022 tu

146 1041 283 1102 stantiam
304 1043 418 1105 virtutis
437 1041 550 1121 ingenii
570 1042 706 1102 fortunae
727 1041 879 1102 consecuti
901 1040 975 1116 sint,
996 1043 1167 1124 impertiant
1188 1063 1222 1108 ca

146 1125 209 1186 suis
223 1127 503 1208 communicentque
525 1145 593 1189 oum
608 1126 766 1208 proximis,
788 1135 822 1187 ut
842 1127 867 1187 si
888 1127 1059 1207 parentibus
1081 1129 1140 1190 nati
1161 1129 1222 1192 sint

145 1211 324 1287 humilibus,
339 1213 364 1274 si
379 1213 567 1294 propinquos
581 1211 707 1274 habeant
721 1209 914 1272 imbecilliore
928 1211 973 1272 vel
987 1213 1085 1274 animo
1100 1213 1146 1275 rel
1160 1214 1222 1276 lor·

145 1304 235 1370 tuna,
257 1316 361 1359 eornm
375 1306 502 1376 augeant
516 1315 590 1378 opos
605 1296 706 1377 eisque
720 1295 827 1357 honori
850 1296 909 1358 sint
925 1305 954 1358 et
968 1297 1118 1376 dignitati:
1141 1309 1174 1360 ut
1189 1299 1221 1361 in

146 1380 253 1442 fabulis
268 1383 318 1462 qui
333 1381 512 1462 aliquamdiu
527 1390 650 1464 propter
664 1381 880 1460 ignorationem
895 1381 996 1462 stirpis
1013 1391 1043 1446 et
1057 1384 1175 1462 generis
1189 1385 1221 1446 in

145 1465 288 1529 famulatu
310 1467 446 1542 luerunt,
470 1485 538 1528 oum
560 1466 672 1546 cogniti
694 1477 764 1528 sunt
787 1475 882 1530 etant
901 1467 1024 1528 deorum
1046 1477 1097 1530 aut
1117 1489 1221 1549 regum

145 1550 198 1612 lilii
213 1551 325 1613 inventi
335 1552 466 1614 retinent
475 1561 574 1614 tamen
587 1552 735 1614 caritatem
747 1553 778 1612 iu
793 1561 928 1632 pastores
942 1571 1017 1632 quos
1031 1563 1130 1634 patres
1144 1555 1223 1616 mul-.

145 1643 192 1698 tos
217 1655 312 1699 annos
339 1655 402 1699 esse
428 1637 575 1700 duxerint.
612 1636 696 1708 Quod
722 1646 766 1698 est
791 1637 885 1698 multo
913 1639 1047 1718 prolecto
1072 1639 1165 1719 magis
1189 1641 1221 1700 in

181 1771 658 1838 eccellentiaoqnosdamasoeimiaa
708 1769 830 1835 ldiirend‚
848 1769 894 1820 das
912 1771 1005 1822 aweite
1023 1770 1155 1838 fulgeant,
1174 1773 1219 1824 das

147 1841 278 1906 quaedam
295 1842 417 1891 uirtutes.
452 1839 502 1891 Der
518 1839 606 1892 Plural
624 1839 658 1891 ist
709 1838 786 1889 dritta
803 1837 994 1902 vergleichend.

146 1907 226 1960 durch
249 1923 327 1974 saepo
343 1907 462 1974 bedingt‚
486 1907 564 1960 daher
587 1907 658 1959 nicht
742 1904 916 1956 imbecilliora
933 1909 1022 1956 animo
1042 1905 1099 1957 sind
1114 1905 1222 1970 disjeni-

145 1973 248 2042 ‘quales
264 1970 351 2026 orani
371 1975 512 2042 Scipionis.
709 1987 767 2040 gen,
776 1975 806 2022 in
815 1974 911 2040 pacibus
919 1977 969 2023 aut
978 1975 1084 2024 animus
1091 1975 1221 2026 abiectior

179 2047 210 2094 in
227 2047 320 2094 nostro
337 2049 369 2094 ut
384 2047 424 2109 ita
436 2044 525 2095 dicam
534 2042 657 2110 gregem
709 2047 748 2092 ast
770 2045 819 2091 aui
840 2055 932 2106 spera
978 2039 1146 2104 licilicandao
1162 2041 1221 2103 for·-

144 2125 249 2165 unserm
260 2109 362 2164 Verein.
379 2110 658 2164 Uberdasnichtwei-
710 2113 793 2160 ionae
808 2106 940 2170 fractior:
981 2108 1022 2162 vt.
1041 2111 1081 2162 59.

145 2185 185 2232 ter
201 2195 234 2231 an
251 2178 437 2232 ubersetzende
460 2185 492 2231 ut
509 2179 550 2229 ita
569 2177 657 2230 dicam
742 2178 840 2230 honori
850 2180 914 2243 sint,
926 2177 950 2230 d.
964 2178 988 2230 h.
1002 2177 1067 2230 danu
1079 2177 1220 2233 verhellen.

144 2265 178 2302 an
194 2245 260 2301 XIV.
278 2249 320 2300 49.
741 2248 771 2296 iu
787 2244 889 2307 fabulis
906 2246 932 2298 in
945 2245 989 2299 der
1002 2244 1221 2314 Sagengeschioh-

178 2315 271 2367 Pauo:
287 2313 329 2369 lV.
351 2317 390 2368 14.
707 2317 746 2364 te:
769 2313 821 2380 vgl.
845 2313 900 2368 xx.
918 2317 959 2368 ib.
995 2314 1072 2369 Tusc.
1089 2315 1106 2368 l.
1126 2318 1167 2370 38.
1186 2319 1220 2369 92

178 2383 301 2450 Rupilio:
319 2382 360 2434 lll.
380 2385 420 2435 at.
706 2384 731 2430 ri
746 2379 855 2442 schalas
872 2383 967 2433 audire
984 2383 1119 2448 uolumus,
1139 2384 1171 2438 N.
1189 2383 1219 2438 D.
1325 2385 1327 2391 '

151 2483 157 2494 ·
177 2451 316 2504 Mumsuio.
349 2449 409 2502 Dies
431 2450 466 2502 ist
490 2449 535 2502 der
557 2447 656 2503 xxvtt.
706 2449 734 2501 ll.
748 2451 800 2503 at
819 2463 885 2514 quos
901 2465 1018 2516 augures
1029 2467 1064 2501 ns
1074 2454 1148 2518 ipsae
1160 2453 1237 2518 qui-'

146 2522 191 2572 tot
216 2520 243 2570 in
267 2519 401 2571 derselben
422 2517 590 2585 Verbindung
613 2532 657 2584 ge·
707 2518 766 2568 dem
788 2515 899 2578 tabulam
923 2519 1109 2582 amavissent,
1133 2519 1182 2571 off.
1199 2519 1218 2572 l.

143 2591 239 2639 nannte
264 2586 308 2656 Sp.
326 2586 471 2652 Mummius,
495 2585 592 2652 Brnder
610 2585 656 2638 des
709 2588 748 2638 to.
767 2587 801 2638 32
819 2589 852 2635 ut
867 2587 897 2636 in
913 2584 1014 2646 fabulis
1031 2590 1078 2651 sat,
1094 2585 1132 2638 lll.
1144 2591 1169 2642 9.
1183 2589 1217 2640 38

39 2679 42 2688 ·
143 2655 280 2707 Eroberers
297 2669 350 2708 von
362 2655 467 2708 Corinth
478 2655 505 2707 L.
518 2653 655 2707 Mummius
705 2658 738 2704 ui
758 2652 855 2714 sciunt
874 2651 998 2719 fabtclae,
1019 2653 1057 2706 lll.
1077 2655 1118 2707 25.
1136 2656 1170 2707 94
1187 2659 1219 2706 ci

143 2723 279 2775 Achaious.
536 2755 539 2760 -
705 2721 846 2772 redeamus
857 2721 894 2772 ad
903 2721 1019 2784 fabulas.
1046 2721 1218 2774 AnBiihnen·

180 2791 209 2855 Q.
232 2805 297 2855 ucrq
314 2789 472 2840 Muciorum.
512 2789 542 2850 Q.
560 2789 654 2842 Fabius
706 2787 798 2840 stdche
815 2788 894 2841 wolle
911 2791 1009 2854 mauja
1021 2789 1092 2840 nicht
1107 2789 1217 2842 denken.

143 2857 270 2910 blaximns
281 2857 423 2922 Amiljanus
435 2871 490 2907 war
501 2856 546 2909 der
563 2857 655 2910 illeste
736 2861 850 2922 proptor
858 2859 1060 2922 ignorationem
1068 2857 1138 2910 nieht
1147 2851 1217 2910 ‘weil

145 2925 216 2979 Sohn
234 2925 280 2978 des
297 2925 324 2979 t.
337 2923 446 2976 hmilitas
463 2923 560 2976 Paulus
577 2924 655 2990 (11.9)
706 2923 744 2976 sie
761 2923 833 2975 nicht
849 2923 990 2992 kauutm’,
1014 2924 1125 2978 condem
1141 2919 1217 2978 ‘weil

143 2994 196 3046 und
213 3009 265 3046 ron
283 2992 313 3054 0.
328 2992 422 3045 Fabius
433 2991 559 3044 bladinus
576 2992 655 3060 adop·
705 3007 765 3044 man
777 2992 847 3044 nicht
858 2987 971 3045 kannto'.
987 2991 1053 3061 Nep.
1066 2992 1139 3047 bion.
1148 2993 1215 3047 hta

143 3062 196 3114 tirt.
230 3059 351 3114 berselbe
369 3060 485 3128 kimpite
502 3061 541 3113 als
559 3060 655 3113 Consul
701 3065 816 3126 propter
831 3063 959 3112 uotiuum
975 3065 1039 3114 sunt
1059 3064 1218 3128 intromissi,

143 3145 227 3198 gagen
245 3129 294 3182 den
311 3128 443 3182 Viriathus
463 3131 511 3182 145
529 3145 555 3183 a.
574 3127 630 3181 Chr.
705 3127 767 3180 weil
784 3143 843 3181 man
860 3129 897 3180 sie
915 3127 1020 3182 hannta.
1173 3184 1182 3195 „

179 3201 288 3250 omnino
306 3195 458 3263 allerdings:
482 3196 653 3251 einrinmand.
739 3199 822 3264 stirps
839 3195 884 3248 dor
901 3195 1008 3262 Stamm,
1025 3213 1047 3249 a.
1060 3195 1090 3250 Β.
1109 3196 1153 3248 der
1167 3197 1217 3247 ha·

178 3269 230 3316 sibi
246 3279 416 3330 nequaquam
428 3279 522 3330 param
540 3265 585 3318 der
601 3265 654 3317 ihm
704 3263 792 3325 cidem
807 3279 894 3332 genus
911 3263 956 3316 das
968 3264 1131 3329 Gesohlecht‚
1147 3279 1170 3316 a.
1186 3263 1215 3317 B.

140 3331 585 3402 jedochlreinesuegsgleichstand.
606 3333 655 3386 Ge·
704 3331 776 3384 edles
794 3332 954 3398 konigliches
972 3332 1119 3399 gittliohss.

144 3401 332 3469 gensitaliches
349 3399 509 3467 Asyndeton.
739 3404 769 3451 in
780 3399 923 3482 famulatu,
936 3401 1007 3482 nieht
1018 3403 1160 3478 emitote:
1173 3398 1217 3480 sq·

144 3467 655 3604 c‘tttttdttttttttttttl
705 3469 794 3589 stit
811 3468 1044 3602 iiiiii&
1063 3467 1217 3601 aliil‘hili

143 3604 224 3658 durch
241 3605 296 3657 sich
312 3605 340 3656 in
352 3604 401 3656 den
414 3602 495 3656 Stand
507 3609 607 3670 gesetrt
621 3621 653 3657 an
705 3603 780 3656 Theil
798 3604 843 3657 der
859 3603 974 3657 Familie.

144 3673 232 3738 sehon,
250 3672 318 3725 allen
336 3671 384 3724 deu
396 3670 516 3740 Seinigen
528 3671 570 3724 die
581 3671 654 3739 biog-
740 3689 794 3724 ecre
812 3673 943 3724 ducamini
958 3671 994 3723 ist
1013 3687 1059 3722 nur
1077 3670 1118 3723 ein
1135 3671 1216 3724 modi-

144 3741 251 3794 liohlteit
273 3757 305 3793 an
324 3740 469 3808 geuihren.
503 3739 554 3792 lias
574 3739 653 3792 durch
704 3736 801 3792 fielrtes
826 3740 978 3791 aroanna·
1007 3737 1087 3791 Beide
1114 3740 1217 3794 Wdrter

143 3809 185 3862 die
205 3807 402 3862 llandsehrilten
424 3808 562 3874 verbdrgte
576 3823 654 3874 pocae
704 3805 845 3858 verbinden
870 3807 924 3859 sich
946 3823 979 3859 zu
997 3807 1080 3860 einem
1096 3809 1215 3876 danigen

143 3877 178 3930 ist
196 3878 273 3930 haum
290 3891 323 3928 nu
340 3876 444 3931 missen.
704 3873 828 3942 Regrille;
840 3873 930 3927 darom
941 3875 1032 3928 stahen
1045 3876 1082 3930 sie
1094 3877 1160 3929 anch
1171 3892 1202 3928 nu

179 3949 220 4000 to.
238 3951 313 3997 at-
324 3949 357 3998 ut
368 3973 398 3982 —
412 3951 456 3997 ut.-
474 3942 520 3996 das
532 3947 600 3996 ersis
615 3958 653 3998 er·
704 3957 834 4009 sammon,
857 3944 979 3997 wibrend
1001 3960 1060 3998 man
1077 3951 1151 3997 sonst
1169 3943 1190 3996 d
