2854 4522
603 262 746 318 Lamnus,
1173 257 1212 320 61

141 436 250 518 gioria,
271 435 467 518 tranquillitas
487 437 578 498 animi
592 445 684 518 atque
697 435 880 498 iucunditas:
903 443 935 496 ut
950 444 979 496 et
993 452 1061 496 cum
1075 434 1148 496 haec
1162 435 1215 496 ad·

141 524 202 586 sint
220 522 304 586 beata
318 523 376 584 vita
391 523 447 598 sit,
470 532 499 600 et
514 523 578 584 sine
593 523 640 584 his
653 541 719 584 esse
734 541 796 584 nun
816 521 920 602 possit.
950 519 1036 592 Quod
1053 537 1121 580 cum
1136 520 1214 600 opti·

140 625 223 670 mum
237 607 457 688 maximumque
471 608 519 680 sit,
534 607 560 668 si
574 608 604 669 id
618 607 755 668 uolumus
769 605 893 687 adipisci
904 604 1005 668 virtuti
1017 623 1107 684 opera
1119 605 1214 667 danda

141 702 196 768 est,
210 693 275 754 sine
290 711 348 774 qua
363 711 420 754 nec
433 692 591 756 amicitiam
607 711 704 772 neque
718 692 810 754 ullam
823 708 888 752 rem
902 690 1094 772 expetendam
1110 707 1216 752 conse·

142 777 194 858 qui
206 796 382 860 pomumus3
407 796 442 840 ea
456 796 525 840 vero
540 777 674 856 neglecta
689 777 742 857 qui
755 795 789 838 so
810 776 921 838 amicos
940 775 1050 838 hahere
1070 773 1214 838 arbitran-

140 874 205 938 tur,
226 873 290 926 tum
311 881 344 926 se
365 863 494 944 denique
515 881 631 924 errasse
651 862 800 936 sentiunt,
829 879 897 922 cum
919 879 971 922 eos
990 860 1087 940 gravis
1109 859 1215 940 aliquis

142 966 227 1009 casus
247 948 374 1029 experiri
395 948 484 1027 cogit.
520 946 664 1020 Quocirca
686 981 728 994 -
750 946 909 1008 dicendum
930 955 975 1008 cst
995 946 1075 1008 cuim
1095 945 1264 1026 saepiussi

141 1068 184 1078 -
205 1051 274 1096 cum
294 1033 434 1095 iudicaris
447 1033 571 1112 diligere
590 1041 723 1114 oportet,
746 1050 808 1094 non
829 1049 898 1092 cum
919 1030 1057 1094 dilexeris
1077 1029 1215 1092 iudicare.
1321 1073 1326 1080 -

142 1117 200 1180 Sed
215 1137 284 1180 cum
298 1118 400 1180 mullis
420 1118 452 1180 in
466 1119 556 1180 rebus
576 1117 761 1196 neglegentia
775 1117 947 1198 plectimur,
968 1126 1032 1178 tum
1046 1115 1170 1178 maxime
1184 1115 1216 1178 in

142 1203 245 1266 amicis
257 1214 287 1265 et
300 1204 458 1283 diligendis
478 1211 509 1264 et
529 1203 677 1266 colendis:
699 1201 900 1284 praeposteris
920 1201 1000 1264 enim
1019 1201 1131 1264 utimur
1144 1219 1217 1264 con·

142 1287 214 1350 siliis
229 1298 258 1350 et
271 1297 336 1352 acta
346 1289 473 1368 agimus,
488 1283 714 1368 quod‘vetamur
727 1298 826 1350 vetere
841 1286 1006 1368 proverbio.
1035 1285 1110 1348 Nam
1119 1285 1217 1366 impli-

142 1374 198 1436 cati
214 1374 293 1436 ultro
307 1381 338 1436 et
352 1375 426 1436 citro
448 1371 494 1434 vel
508 1392 564 1436 usu
579 1374 720 1436 diuturno
733 1373 780 1434 vel
802 1372 889 1434 etiam
904 1371 1026 1448 officiis,
1048 1381 1171 1454 repente
1185 1369 1216 1434 in

141 1458 239 1520 medio
254 1477 345 1522 cursu
359 1458 501 1520 amicitias
515 1467 616 1520 exorta
629 1459 727 1540 aliqua
741 1458 906 1520 offensione
920 1456 1140 1538 disrumpimus.

227 1543 331 1605 Xlllll.
346 1542 412 1615 Quo
427 1543 514 1606 etiam
529 1544 623 1624 magis
645 1544 837 1626 vituperanda
852 1551 898 1604 est
917 1542 961 1604 rei
974 1542 1101 1606 maxime
1116 1559 1218 1603 neces·
1239 1550 1269 1601 86

142 1628 235 1692 sariae
254 1638 333 1692 tanta
354 1629 478 1692 incuria.
509 1629 572 1692 Una
594 1639 640 1692 est
659 1631 739 1692 enim
758 1628 885 1690 amicitia
906 1628 937 1690 in
958 1627 1048 1690 rebus
1068 1626 1216 1700 humanis,

142 1713 179 1774 de
193 1714 280 1776 cuius
293 1715 419 1776 utilitate
434 1733 538 1776 omnes
552 1734 615 1778 uno
630 1733 683 1778 ore
697 1713 903 1776 consentiunt:
926 1731 1094 1794 quanquam
1108 1730 1125 1774 a
1139 1710 1217 1774 mul·

143 1827 205 1880 llats
221 1829 342 1895 uhrigena
364 1831 547 1897 mamquillitna
568 1835 655 1883 animi
704 1845 734 1883 es
750 1831 806 1882 hier
822 1829 893 1880 nicht
910 1829 1103 1882 ainnverwaudt
1118 1829 1153 1881 ist
1169 1829 1217 1882 mit

143 1898 336 1948 etimndiiua
348 1898 388 1950 fur
400 1900 584 1965 &mquillitus
595 1903 654 1951 uni-
705 1899 792 1950 colm
809 1897 937 1962 (diligere
954 1902 981 1948 el
1000 1912 1095 1950 corum
1112 1899 1217 1962 hodera,

142 1968 182 2014 mi
198 1969 225 2015 ei
245 1961 348 2018 ‘animi
367 1969 522 2020 iumndiiua
543 1984 576 2020 zu
593 1967 655 2020 neh·
705 1969 847 2018 obseruare
863 1970 890 2016 et
901 1965 1024 2032 diligere,
1042 1965 1128 2018 colera
1139 1971 1166 2017 at
1178 1966 1217 2018 di·

143 2045 201 2084 mcn
220 2033 254 2086 ist
271 2033 336 2086 wird
353 2033 433 2086 leicht
450 2033 565 2088 erkannt.
706 2034 817 2100 ligera),
840 2033 940 2100 ergiebt
963 2033 1017 2085 sich
1040 2033 1105 2086 auch
1128 2049 1174 2087 aus
1193 2040 1219 2085 el

176 2115 226 2152 meo
243 2105 390 2153 amicitiam
406 2119 492 2169 nequa
503 2103 586 2153 iillum
597 2118 655 2154 ram
706 2101 852 2167 diligendis
864 2107 891 2152 ei
906 2101 1040 2153 colendis:
1056 2101 1124 2154 deun
1137 2101 1217 2154 durch

143 2169 209 2220 auch
226 2169 298 2222 nicht
321 2170 363 2222 (lie
381 2171 566 2224 Facundschalt
587 2171 654 2223 noch
705 2175 733 2221 et
744 2199 776 2208 -·
789 2175 817 2220 at
832 2169 936 2222 werden
953 2170 1018 2222 eben
1034 2170 1217 2224 verschiadene

143 2236 312 2305 liuberhanptl·
327 2237 418 2304 irgend
435 2238 478 2290 ein
495 2239 554 2292 Gut
590 2239 653 2292 Cato
704 2237 816 2305 Begrille
833 2237 982 2292 verbunden
994 2238 1047 2292 und
1062 2238 1108 2294 aui
1117 2239 1217 2306 gleiche

142 2302 275 2358 hhllllll
295 2303 355 2357 Nec
371 2311 441 2358 enim
451 2306 653 2358 libidinodomi·
705 2307 775 2360 linio
794 2305 906 2374 gestellt.

142 2377 225 2423 nanto
237 2377 428 2440 temperantiae
440 2375 527 2425 locum
535 2392 597 2440 aare,
610 2393 654 2426 na-
739 2379 800 2428 actu
813 2373 956 2442 ogereeig.
974 2375 1039 2428 nach
1058 2374 1218 2495 peschlosse·
1259 2381 1261 2388 ⁴

142 2455 194 2505 qua
204 2442 655 2509 omninoinuohsptoia'sregmouir·
704 2459 756 2496 nen
772 2444 855 2494 Acten
872 2442 1041 2510 processiren,
1076 2457 1126 2494 ann
1137 2443 1218 2509 allge-

142 2513 469 2576 tuiamposaeaomistere.
498 2511 596 2578 Wegen
609 2511 655 2564 der
704 2512 773 2564 mein
791 2510 920 2564 Gethanes
941 2510 1018 2564 thun:
1042 2510 1099 2564 eine
1122 2510 1218 2578 sprich-

141 2575 194 2630 llll
202 2580 237 2630 40
248 2578 431 2645 angegebeuen
444 2577 596 2646 Bedeulung
608 2579 653 2634 des
705 2577 839 2632 wirtliche
852 2578 1002 2644 Redenaart,
1020 2579 1071 2632 wie
1088 2577 1134 2630 dns
1145 2577 1218 2632 deut·

141 2660 190 2695 nec
206 2643 276 2696 kann
293 2662 321 2698 es
333 2647 360 2698 in
371 2647 416 2699 der
427 2645 590 2713 liisJunelion
601 2649 655 2700 nie-
704 2647 766 2700 sche
788 2641 835 2700 ‘nu
852 2649 911 2726 spilt
927 2637 1069 2700 hommen’.
1107 2645 1166 2698 Hier
1183 2645 1217 2700 ist

141 2712 208 2764 mals
226 2713 309 2766 einem
333 2730 418 2768 curres
436 2715 593 2768 ondirenden
610 2733 655 2767 na-
705 2714 827 2782 gemeint,
845 2729 893 2766 wir
910 2714 1004 2782 langen
1022 2730 1055 2768 an
1073 2730 1106 2768 uu
1122 2713 1217 2768 urthei-

142 2796 194 2846 que
209 2781 381 2848 vorangehen.
417 2731 474 2834 elon
492 2783 549 2834 dem
567 2783 653 2836 xvru.
705 2783 748 2834 len
767 2797 842 2834 wenn
860 2797 889 2834 aa
906 2798 938 2834 uu
956 2783 1015 2849 spii
1032 2783 1075 2836 ist.

142 2851 175 2899 65
193 2848 386 2928 besprochenen
398 2866 433 2900 ne
443 2878 478 2889 -
489 2851 595 2916 puuiem
608 2868 655 2904 un·
738 2849 873 2916 implicati
888 2864 964 2902 weun
983 2850 1032 2902 wir
1048 2848 1161 2916 (berella)
1173 2865 1217 2916 ge·

142 2916 297 2969 teracherdel
306 2917 361 2969 sich
373 2911 505 2970 nae‘auch
517 2913 595 2970 nicht‘
607 2935 655 2971 nur
704 2917 809 2970 hundeu
826 2915 884 2970 sind
903 2916 1012 2983 (durch).

142 2983 263 3050 dadnrch‚
281 2985 338 3038 (lais
355 3001 383 3038 es
399 2986 467 3038 weni
486 3001 513 3038 er
524 2986 655 3038 umstind-
738 2990 769 3038 in
780 2985 866 3036 medio
879 3001 968 3050 eursu,
979 2983 1091 3040 nimlich
1103 2985 1149 3038 aul
1159 2985 1216 3040 dem

142 3051 194 3104 lich
211 3052 264 3105 und
276 3054 389 3122 weniger
401 3055 465 3107 nach
499 3053 599 3105 'chlich
610 3053 653 3107 ist.
705 3053 895 3120 gemeinsaruen
912 3051 1002 3120 Wege.
1033 3051 1090 3122 Vgl.
1110 3053 1127 3123 θ
1145 3057 1177 3110 8³
1191 3071 1215 3108 ιι.

176 3125 233 3171 ium
250 3139 278 3172 sa
301 3123 423 3189 denique.
457 3121 508 3176 llas
526 3121 601 3174 Pron.
619 3121 654 3174 ist
704 3121 735 3174 x.
755 3124 787 3174 34
806 3123 959 3188 (prouecti.

143 3187 229 3240 tonlos
259 3190 388 3242 zwischen
417 3189 463 3244 das
490 3191 654 3244 zusammen·
738 3188 822 3242 XXlll.
853 3192 893 3244 86.
966 3206 981 3242 ιι
1011 3193 1093 3242 aliam
1122 3193 1216 3256 magis.

143 3255 265 3322 gehdrige
292 3257 488 3324 eingeschcben.
531 3259 594 3312 Galo
617 3256 652 3312 M.
703 3250 770 3310 ‘Und
782 3271 825 3310 um
837 3273 866 3310 so
880 3257 1091 3312 tadelnswerther
1103 3258 1170 3312 noch
1182 3257 1216 3311 isl

142 3322 227 3378 lllllll.
253 3327 284 3377 so
309 3341 381 3376 non
402 3341 443 3376 me
466 3327 652 3390 descrens,
704 3326 762 3378 eine
779 3341 809 3378 ao
827 3329 913 3393 grosse
931 3317 1142 3394 Sorglosiglreit’,
1165 3327 1216 3380 wie

141 3407 168 3458 p.
187 3391 258 3444 Sulla
275 3391 382 3446 llum
400 3393 652 3446 illudmihitan-
704 3393 746 3446 die
775 3409 805 3448 ao
838 3394 903 3448 eben
936 3393 1051 3448 namhalt
1082 3395 1216 3460 gemachte

142 3464 210 3510 tum
233 3464 299 3512 suda
323 3466 375 3526 mi,
399 3461 464 3528 Nep.
482 3463 559 3527 liges.
576 3462 617 3517 Vl.
636 3465 651 3516 2
703 3462 888 3529 neglegentia,
905 3455 1078 3516 ‘hinsichtlich
1098 3461 1168 3516 eines
1186 3479 1215 3517 so

142 3528 225 3579 said
249 3545 383 3595 quoquo
405 3529 468 3592 fieri
485 3530 577 3581 debere
593 3533 653 3582 oni·
704 3530 1002 3584 unentbehrlicben
1015 3525 1214 3584 Bediulnisses’:

142 3596 319 3649 maduertissa.
703 3614 747 3652 um
771 3614 801 3652 ao
826 3597 1051 3664 tadeluswerther‚
1072 3598 1101 3662 Je
1125 3605 1216 3652 uueul-

178 3663 654 3731 emperiiidiellrlahrungaumachem
706 3665 851 3719 behrlicher
868 3665 909 3718 die
926 3665 1110 3718 Freundschalt
1127 3667 1169 3720 lat.

144 3729 168 3784 d.
186 3731 211 3784 h.
230 3731 309 3785 durch
325 3731 443 3786 Schaden
460 3731 524 3798 llug
541 3747 572 3784 zu
591 3747 656 3786 wer·
734 3745 895 3800 'quanquam
912 3732 1067 3800 corrigirend
1083 3733 1110 3788 in
1127 3733 1216 3788 Beric-

143 3798 206 3852 den:
230 3800 332 3922 paphia
350 3795 383 3853 di
398 3819 429 3853 τι
450 3795 546 3867 νήπιοι
567 3800 587 3849 i'
599 3805 652 3852 um!
706 3802 777 3868 hung
789 3799 834 3856 aul
844 3816 934 3852 omncs
945 3817 1000 3854 ιιιιο
1012 3819 1065 3856 ore.
1092 3801 1127 3856 lla
1140 3819 1216 3870 cogar

144 3866 172 3919 ll.
183 3865 229 3918 XV
272 3867 429 3933 ³2.(lles.0
448 3871 569 3924 ,item
595 3865 654 3934 aiv.)
706 3869 748 3922 die
771 3868 891 3936 ungena,
918 3869 1017 3924 welche
1040 3869 1086 3922 das
1108 3869 1216 3924 Aller-

179 3937 219 3991 δῦ.
230 3937 403 4002 ιὶίἱιξονοιιίε
461 3935 511 3989 Vll.
523 3940 578 3991 100.
593 3935 654 3990 Ilals
705 3937 814 3990 hdchsle
832 3937 866 3990 ist
877 3935 985 4002 (llllllll.
1001 3941 1049 3992 104
1061 3954 1084 3994 a.
1096 3937 1144 4008 u),
1162 3939 1215 3992 ihre
