2854 4522
599 261 740 315 tammus
1132 256 1134 264 ’
1166 261 1208 322 59

133 433 187 507 sit;
210 442 237 494 et
252 432 363 496 amicos
377 465 419 478 -
435 408 575 514 tanquam
594 434 724 514 pecudes
738 469 780 480 -
795 451 846 496 eos
861 434 1048 515 potissimum
1070 435 1206 516 diligunt,

134 537 170 580 ex
185 517 294 598 quibus
308 525 430 600 sperant
443 537 475 580 sc
497 519 656 582 maximum
670 520 799 582 fructum
820 538 884 582 esse
907 528 1054 600 capturos.
1083 521 1126 584 lta
1141 522 1208 603 pul·
1229 533 1258 584 80

134 603 279 666 cherrima
293 603 342 666 illa
355 611 384 664 et
398 603 523 666 maxime
534 605 659 666 naturali
673 614 776 668 carent
789 605 915 666 amicitia
930 623 984 685 per
997 624 1030 666 se
1045 613 1074 667 et
1087 616 1209 689 prepter

133 707 166 750 se
181 689 318 769 expetita,
333 707 389 750 nec
402 689 460 770 ipsi
475 689 531 751 sibi
544 689 678 770 exempla
692 699 764 752 sunt
778 691 850 752 haee
864 689 907 751 ris
918 689 1061 752 amicitiae
1073 699 1102 752 et
1113 693 1208 772 qualis
1284 720 1287 724 ·

135 782 165 836 et
175 783 284 854 quanta
294 774 342 836 sit.
362 774 430 855 lpse
442 775 520 836 enim
531 793 563 838 sc
574 775 700 856 quisque
710 774 805 854 diligit
815 793 876 838 non
888 785 921 836 ut
934 774 1062 856 aliquam
1074 795 1090 838 a
1101 794 1133 838 se
1144 777 1207 857 ipse

133 859 299 922 mercedem
315 859 411 939 exigat
425 859 553 922 caritatis
567 878 653 934 suae,
670 860 722 922 sed
737 861 816 940 quod
830 878 885 941 per
900 877 932 920 se
947 861 1004 922 sibi
1018 861 1144 942 quisque
1159 881 1208 923 ea-

133 961 186 1006 rus
200 953 253 1007 est.
284 943 369 1016 Quod
384 944 442 1006 nisi
457 945 535 1006 idem
550 945 581 1006 in
596 945 751 1008 amicitiam
767 946 972 1018 transferetur,
995 963 1081 1008 verus
1095 945 1208 1008 amicus

135 1047 288 1110 nunquam
308 1030 488 1112 reperietur;
509 1038 554 1092 est
568 1030 648 1092 enim
668 1030 711 1104 is,
734 1029 785 1111 qui
807 1040 851 1092 est
870 1041 1011 1111 tanquam
1031 1031 1105 1094 alter
1119 1031 1206 1093 idem.

134 1111 219 1186 Quod
241 1115 266 1178 si
286 1116 343 1177 hoc
364 1123 487 1197 apparet
507 1115 538 1178 in
553 1115 668 1192 bestiis,
689 1115 858 1178 volucribus
874 1115 1013 1178 nantibus
1032 1116 1207 1196 agrestibus,
1228 1125 1257 1178 81

135 1199 284 1262 cicuribus
299 1201 378 1276 feris,
394 1201 523 1282 primum
538 1209 572 1264 ut
586 1219 618 1262 se
633 1201 714 1282 ipsae
729 1201 909 1280 diligant·(id
920 1201 1000 1264 enim
1015 1201 1125 1282 pariter
1136 1220 1205 1264 cum

134 1285 217 1346 omni
237 1286 386 1348 animante
407 1285 565 1360 nascitur),
590 1285 696 1352 deinde
718 1295 750 1348 nt
770 1286 923 1366 requirant
944 1295 1032 1367 atque
1054 1295 1205 1368 appetant,

133 1369 171 1432 ad
186 1389 259 1450 quas
273 1389 305 1432 sc
319 1369 486 1452 applicent,
508 1371 639 1432 eiusdem
661 1371 778 1450 generis
799 1371 963 1434 animantes
977 1371 1078 1452 (idque
1094 1373 1206 1434 iaciunt

134 1471 203 1516 cum
222 1455 366 1518 desiderio
395 1464 518 1518 etcum
546 1456 671 1536 quadam
699 1456 891 1518 similitudine
918 1457 1028 1518 ameria
1053 1458 1204 1535 humani):

135 1549 246 1620 quante
268 1540 298 1602 id
312 1540 406 1620 magis
420 1541 452 1602 in
474 1541 594 1604 homine
608 1541 647 1604 sit
664 1549 783 1616 natura,
804 1541 856 1622 qui
873 1550 903 1604 et
918 1560 950 1604 se
964 1542 1029 1623 ipse
1043 1542 1153 1623 diligit,
1177 1551 1206 1605 et

87 1651 93 1656 ·
134 1625 259 1688 alterum
279 1625 410 1706 anquirit
430 1625 515 1688 cuins
535 1627 667 1690 animum
682 1628 722 1689 ita
736 1645 805 1689 cum
819 1645 874 1690 suo
891 1627 1029 1702 misceat,
1050 1635 1085 1690 ut
1099 1627 1207 1690 cldciat

134 1729 228 1791 paene
243 1729 337 1772 unum
353 1729 388 1772 ex
405 1711 538 1774 duobus!

219 1796 307 1857 Xllll.
331 1795 388 1858 Sed
404 1796 537 1878 plerique
552 1815 697 1878 perverse,
713 1815 752 1858 ne
767 1795 863 1858 dicam
877 1796 1079 1876 impudenter,
1095 1797 1203 1859 habere
1225 1805 1258 1857 82

169 1967 197 2013 et
215 1966 316 2014 amices
337 1968 387 2016 ete.
422 1963 487 2016 Ovid
511 1979 542 2016 ex
560 1963 643 2016 Ponte
695 1967 814 2028 rurpicea
843 1977 972 2027 augures,
1004 1963 1105 2013 harioli
1132 1967 1207 2014 vater

134 2029 235 2084 ll.3.8:
254 2031 359 2098 Vulgus
376 2035 510 2084 amicitias
524 2031 645 2082 utilitate
696 2033 858 2081 coniectores
883 2032 960 2082 nubis
988 2037 1075 2082 essent
1102 2031 1208 2082 colendi

132 2101 239 2166 metat.
695 2097 1207 2166 (Opierschaueru.cheldeutm,Walu-

169 2169 211 2220 80.
228 2183 277 2234 per
285 2182 380 2220 cavom
393 2165 499 2232 Objeete
511 2183 566 2231 ans,
578 2167 645 2219 ohne
696 2181 770 2232 sager
783 2165 927 2234 Propheten
939 2183 964 2219 u.
976 2165 1205 2234 Tranmausleger).

135 2234 366 2296 Nebenvertlteile3
390 2240 505 2301 prepter
531 2251 559 2286 re
584 2249 644 2286 vom
730 2235 846 2300 idoniare,
860 2235 971 2286 nimliclr
985 2237 1206 2302 utsea'pracda'li-

136 2301 261 2368 Subjecte
273 2318 328 2366 aus,
346 2303 413 2356 ohne
425 2301 646 2355 Nebenrdcksich-
693 2308 771 2368 gant,
789 2302 830 2354 die
848 2301 1011 2356 Sclbstliebe.

135 2376 188 2424 ten.
208 2369 284 2424 Daldr
300 2372 369 2422 wire
381 2387 430 2437 par
448 2376 474 2422 et
489 2376 601 2438 prepter·
617 2388 645 2422 re
730 2373 760 2422 ira
770 2372 876 2422 tremine
883 2375 921 2422 rit
930 2371 1005 2434 (wird
1014 2370 1059 2424 der
1066 2371 1122 2424 Fall
1131 2372 1205 2435 sein).

135 2438 320 2500 nnlateiniseh3
344 2438 412 2490 deun
434 2440 459 2490 in
476 2437 576 2492 Stellen
594 2440 645 2492 wie
696 2437 913 2492 Welshalbdiesl
931 2438 999 2491 Weil
1010 2453 1038 2492 cr
1049 2439 1088 2492 als
1098 2440 1140 2490 ein
1149 2455 1207 2492 rer-

135 2511 211 2558 intra
220 2512 352 2572 emmaque
363 2507 604 2561 marritionerssaes.
614 2506 643 2560 B.
696 2507 895 2574 nnnltbegabtes
919 2506 1014 2560 Weeen
1040 2507 1108 2559 ncclt
1134 2507 1207 2559 mehr

137 2575 163 2628 G.
172 2575 297 2628 111.·12ist
306 2575 351 2628 das
361 2574 644 2628 alleiustelrendeWert
696 2578 1206 2641 coagmenternuturaaeenuenienter-

135 2644 201 2704 (hier
217 2648 301 2706 intra)
313 2643 425 2709 Adverb,
442 2644 494 2710 vgl.
513 2642 643 2711 Nepllat.
696 2659 747 2708 qua
764 2647 844 2694 vivat.

135 2711 203 2764 vlt
219 2715 295 2762 intra
312 2711 411 2762 uallem
428 2716 455 2762 et
469 2711 546 2772 terta.
730 2715 779 2776 qui
795 2705 889 2763 ‘indem
907 2705 941 2764 er'
965 2711 1082 2764 schlietst
1099 2711 1154 2764 sich
1171 2725 1205 2762 an

170 2781 235 2832 daec
244 2782 434 2831 uieemica'ta‘aa.
451 2779 644 2832 Genauerwire
695 2781 725 2830 in
744 2780 850 2830 domine
861 2794 902 2843 an,
914 2779 1042 2832 ¹vrrihrend
1052 2795 1111 2831 rnan
1122 2778 1149 2830 in
1158 2777 1207 2830 Be·

136 2847 645 2914 tutm(puleluerrtmaeetmaoeimena-
695 2846 806 2912 aielruug
823 2846 869 2898 aul
884 2847 915 2897 id
930 2847 1054 2898 vielmehr
1078 2847 1151 2912 qued
1168 2861 1206 2898 er·

136 2916 308 2981 terrationes
327 2917 470 2968 amictiae.
506 2913 581 2966 Sina:
604 2915 645 2968 dic
695 2919 788 2966 wartet
806 2914 884 2968 hatte.
920 2914 984 2968 Gatc
1002 2913 1036 2966 Μ.
1053 2913 1138 2966 lllllll.
1158 2917 1205 2968 86:

136 2983 265 3036 erkennen
289 2983 360 3036 nielnt
378 2998 411 3036 an
431 2983 486 3034 sich
504 2982 586 3036 selbst
603 2981 645 3036 die
696 2982 775 3046 Quod
781 2985 806 3032 at
817 2985 847 3032 ia
856 2984 906 3034 tce
915 2999 985 3048 me,
998 2982 1205 3048 quitindemich)

136 3052 233 3104 schdne
244 3050 462 3118 (qualidunddie
474 3050 646 3116 hohetqean-
696 3053 800 3100 animoa
818 3051 955 3102 deminum
972 3049 1134 3103 imnccrtaler
1152 3067 1206 3102 erse

136 3121 173 3184 ta)
191 3119 343 3186 Bedeutung
357 3119 440 3174 dieser
453 3118 645 3172 lireundsclralt.
697 3118 812 3170 medam.
846 3117 1109 3173 munducatur:
1136 3119 1207 3170 illud

171 3188 248 3251 Quod
264 3188 334 3238 idam
350 3188 442 3252 gehdrt
458 3198 613 3240 zusammen.
694 3189 826 3238 accendor
848 3186 1037 3254 Theophanem,
1056 3190 1103 3252 qui
1117 3191 1204 3253 putat.

170 3258 193 3306 is
215 3257 262 3320 qui
283 3253 403 3319 Snbject:
430 3255 497 3308 denn
520 3256 566 3308 das
590 3255 643 3316 (ein
727 3270 813 3304 aenum
831 3270 866 3306 ec·
883 3256 1001 3308 duodus:
1027 3254 1106 3308 XXV.
1124 3256 1157 3308 92
1174 3259 1207 3304 ct

136 3323 236 3376 wahren
252 3322 361 3386 Freund)
379 3322 415 3374 ist
436 3339 483 3376 nur
504 3322 642 3390 derjenige.
693 3337 764 3374 unare
786 3326 864 3389 quara·
879 3327 986 3376 cainam
1001 3324 1053 3388 fiat
1068 3339 1103 3373 aa·
1120 3322 1208 3388 ptura·-

171 3393 211 3444 et.
229 3391 382 3444 uolucribru
392 3393 520 3442 nanctus
531 3395 644 3458 agresti-
695 3393 750 3442 due.

135 3461 184 3510 tur
200 3459 235 3512 ist
252 3459 297 3512 das
318 3461 398 3523 erste,
422 3461 557 3512 cicuribus
570 3459 644 3521 'sada
729 3459 803 3513 llllll.
813 3463 855 3514 82.
872 3461 969 3514 datm
983 3459 1053 3512 kann
1067 3458 1122 3510 hier
1134 3459 1206 3511 nieht

136 3527 182 3580 das
205 3528 298 3580 aweite
319 3526 393 3580 Glied
414 3526 460 3578 der
481 3526 642 3594 Apposition
694 3527 814 3580 entbehrt
838 3529 948 3582 werden.
987 3527 1021 3579 Ea
1046 3525 1140 3578 drdckt
1162 3528 1206 3580 be-

136 3594 173 3646 Zn
179 3595 269 3660 jenem
276 3595 329 3662 vgl.
338 3594 430 3648 Herod.
437 3593 466 3646 ll.
476 3596 538 3647 123:
551 3590 645 3648 πάντα
696 3595 794 3648 etimmt
811 3611 866 3660 aus,
883 3596 939 3648 dats
951 3595 989 3648 sie
1001 3609 1031 3647 so
1043 3593 1093 3647 den
1105 3594 1205 3648 l'reund

135 3657 171 3714 τὰ
186 3665 299 3736 χερσαῖα
315 3667 361 3714 καὶ
382 3659 417 3715 τὰ
435 3656 579 3714 θαλάσσια
599 3667 645 3714 καὶ
696 3662 737 3715 litt·
757 3664 812 3716 ihre
837 3661 934 3716 Persou
960 3663 1042 3716 haben
1070 3663 1206 3727 (besitzen)

135 3725 383 3794 rdnnrrveitnaml.
394 3730 470 3796 ζῶα).
489 3729 646 3797 Umgelrehrt
695 3731 805 3796 wellen,
824 3731 946 3784 wahren
964 3732 1031 3785 ohne
1049 3732 1145 3784 datm
1162 3747 1206 3784 zu-

136 3797 368 3864 a†aTuse.1.ac.
381 3803 427 3852 64:
445 3804 478 3850 ct
491 3801 589 3865 emnia,
602 3815 646 3851 rae-
696 3799 787 3850 eichst
804 3814 851 3850 nur
862 3799 919 3852 eine
931 3799 1082 3867 allgemeine
1095 3801 1206 3866 (theore-

132 3882 202 3933 pera
217 3867 315 3933 antea,
332 3871 421 3932 prima
438 3868 534 3920 clame
549 3869 646 3934 medie,
697 3867 788 3930 tische)
806 3865 954 3936 Fcrderung
974 3868 1122 3936 aulgestellt
1140 3882 1205 3921 wer-

136 3935 291 3988 adderemur.
318 3935 349 3989 N.
362 3935 390 3988 l).
403 3935 421 3990 l.
432 3939 473 3991 20.
486 3940 532 3990 55:
550 3941 582 3988 ut
598 3938 646 3988 lm-
697 3933 746 3988 den
765 3933 860 3988 wurde.
