2854 4522
217 260 258 320 40
681 259 824 313 naeuus,

218 425 358 513 mumque
380 431 500 506 virium,
522 432 561 494 ita
583 432 723 494 amicitias
741 439 880 513 appetere
901 431 1040 494 maxime:
1065 451 1099 492 ex
1121 449 1156 492 eo
1178 431 1241 493 lleri
1257 440 1293 493 ut

217 516 406 578 mulierculae
421 517 514 595 magis
534 517 728 579 amicitiarum
748 517 891 598 praesidia
907 526 1049 597 quaerant
1064 535 1150 597 quam
1165 517 1235 591 viri,
1261 527 1295 578 et

218 603 323 682 inopes
338 619 425 681 quam
441 601 589 682 opulenti,
611 613 641 664 et
655 601 814 665 calamitosi
830 619 918 682 quarn
934 602 954 662 ii
971 602 1020 682 qui
1044 611 1186 682 putentur
1200 601 1289 663 beati.

180 700 195 720 ”
217 687 241 749 0
257 686 433 768 praeclaram
448 687 636 767 sapientiam!
666 687 764 749 Solem
780 687 859 748 enim
874 706 890 748 e
904 688 1016 748 mundo
1027 686 1130 748 tollere
1144 687 1294 760 videntur,

219 772 269 853 qui
284 771 438 833 amicitiam
454 791 470 832 e
484 772 541 833 rita
562 771 685 834 tollunt:
715 792 771 854 qua
794 771 867 833 nihil
888 791 904 833 a
922 772 978 833 diis
998 771 1213 833 immortalibus
1227 789 1291 832 me·

218 857 276 919 llus
297 856 454 931 habemus,
476 856 549 918 nihil
573 857 740 920 iucundius.
775 856 855 928 Quae
874 869 917 918 est
943 857 1022 918 enim
1048 858 1102 918 ista
1128 855 1292 918 securitas?

110 957 114 982 ¹
219 942 324 1023 Specie
340 941 457 1022 quidem
472 941 595 1018 blanda,
619 944 669 1004 sed
684 961 789 1024 reapse
810 941 910 1004 multis
925 941 999 1006 lucis
1013 942 1202 1024 repudianda.
1231 941 1291 1002 Ne·

220 1045 277 1107 que
293 1026 371 1087 enim
387 1036 430 1088 est
445 1036 675 1090 consentaneum
696 1027 786 1090 ullam
804 1029 956 1089 honestam
978 1046 1041 1088 rem
1056 1027 1236 1088 actionemve
1252 1045 1294 1088 ne

219 1111 363 1174 sollicitus
377 1111 417 1172 sis
432 1121 482 1173 aut
500 1131 561 1173 non
585 1113 736 1194 suscipere
756 1121 806 1174 aut
828 1123 994 1193 susceptam
1016 1113 1174 1193 deponere.
1205 1111 1290 1184 Quod

219 1197 243 1257 si
259 1214 359 1257 euram
374 1196 512 1275 fugimus,
527 1198 618 1260 virtus
632 1199 770 1278 fugienda
785 1207 837 1259 est.
864 1196 944 1269 Quae
960 1215 1080 1258 necesse
1096 1208 1140 1258 est
1154 1215 1221 1258 cum
1236 1196 1290 1258 ali·

220 1299 277 1360 qua
292 1299 362 1342 cura
383 1299 431 1342 res
445 1281 500 1342 sihi
521 1284 682 1345 contrarias
703 1291 878 1364 aspernetur
900 1291 987 1362 atquo
1002 1283 1112 1344 oderit:
1128 1293 1160 1343 ut
1174 1281 1293 1344 bonitas

219 1364 373 1440 malitiam,
395 1369 587 1448 temperantia
603 1368 770 1444 libidinem,
793 1368 935 1448 ignaviam
952 1368 1101 1429 fortitudo.
1130 1367 1234 1448 ltaque
1247 1367 1291 1428 vi·
1321 1414 1323 1425 ,

220 1450 288 1511 deas
301 1450 392 1512 rebus
407 1451 524 1514 iniustis
539 1453 632 1515 iustos
647 1453 772 1515 maxime
786 1453 895 1525 dolere,
910 1452 1077 1514 imbellibus
1092 1453 1192 1526 fortes,
1206 1451 1290 1531 flagi·

219 1535 302 1596 tiosis
317 1536 475 1598 modestos.
505 1537 583 1617 Ergo
604 1539 662 1600 hoc
683 1539 837 1620 proprium
858 1546 902 1599 est
921 1537 1012 1600 animi
1029 1537 1106 1600 bene
1127 1537 1294 1610 constituti,

219 1685 327 1737 matisch
345 1699 472 1752 ungenau,
493 1686 550 1740 dem
569 1686 647 1740 Sinuc
665 1689 730 1740 noch
782 1689 812 1740 id
828 1688 928 1738 donum
946 1704 963 1738 a
981 1687 1039 1752 deo,
1055 1703 1110 1739 non
1123 1705 1140 1739 o
1157 1689 1233 1739 roobia
1244 1689 1293 1738 ha-

220 1753 314 1820 richtig
331 1769 360 1806 so
379 1759 492 1820 gesetzt,
511 1755 548 1808 als
566 1757 642 1823 ginge
660 1757 731 1808 nieht
781 1758 907 1808 bermone.
943 1755 1007 1822 Nep.
1031 1755 1096 1808 Dion
1119 1756 1136 1808 1.
1160 1759 1188 1808 2:
1207 1756 1293 1806 multa

221 1822 309 1873 dicere
325 1823 522 1875 muntsondern
535 1825 635 1876 dimisae
653 1828 733 1875 aiunt
781 1825 835 1875 olio
854 1827 886 1875 ab
904 1828 1007 1875 notura
1025 1826 1120 1875 habuit
1137 1827 1212 1876 hono.
1236 1823 1291 1876 htt.

219 1905 320 1942 rorans.
357 1889 414 1956 Vgl.
427 1890 458 1944 N.
471 1890 499 1944 b.
512 1891 530 1944 1.
544 1895 584 1945 22.
603 1896 649 1946 61:
666 1893 731 1959 Ilpa·-
780 1892 832 1946 Vll.
845 1895 872 1945 2:
890 1891 1003 1944 Nullum
1021 1895 1053 1943 ab
1072 1908 1101 1943 eo
1120 1895 1233 1943 habebat
1249 1908 1292 1943 or·

221 1973 376 2008 cumauro
393 1963 455 2010 haur
466 1961 533 2025 quid
548 1953 642 2026 ‘dieit’,
660 1960 733 2026 quod
779 1965 940 2011 nomentum.

220 2026 545 2093 conmodophiloaophia
561 2021 732 2093 degnum‘ec-
816 2028 907 2095 Specie
940 2028 1046 2093 quidem
1079 2031 1219 2094 autwortet
1248 2026 1296 2079 aul

220 2086 277 2157 set‘,
294 2094 341 2144 aed
355 2095 659 2160 medioeriprudentiol
684 2096 733 2148 Der
785 2098 858 2162 Quae
870 2095 1058 2160 (Vonwelcher
1069 2095 1133 2160 Art).
1163 2095 1231 2147 Uber
1241 2094 1291 2147 deu

220 2159 387 2226 umgekehrte
413 2161 468 2212 Fall
494 2161 575 2215 findet
602 2169 665 2217 stati
689 2164 732 2216 bei
784 2163 953 2230 Gleichklang
967 2163 1291 2230 bliardo—repudianda

221 2220 378 2306 :placuisse’
404 2233 501 2295 opinor·
519 2259 552 2268 —
573 2247 606 2282 ne
629 2247 733 2283 necesse
784 2247 815 2284 au
833 2232 884 2285 ΧΠ.
903 2236 943 2284 43.

237 2292 282 2345 eit‘
303 2297 318 2360 ᾗ
337 2299 377 2350 45.
817 2301 909 2351 miultis
927 2299 991 2351 locis
1007 2300 1034 2350 in
1051 2298 1136 2351 vielen
1151 2299 1292 2350 Beziehun·

224 2365 733 2502 ,htthtltttthltltt’htt
783 2368 1094 2488 tt’vtdttnhnl‘
1112 2369 1128 2432 ³
1147 2369 1179 2419 ⁴⁸
1195 2368 1222 2418 ¹¹¹
1239 2367 1295 2418 a.

223 2503 323 2550 tentius
330 2499 395 2554 XIV.
408 2505 460 2568 50),
472 2502 593 2554 wichrend
607 2508 730 2569 expetere
816 2507 1021 2554 consentaneum
1037 2502 1063 2552 in
1082 2501 1126 2554 der
1144 2501 1273 2568 Ordnung.

222 2567 263 2618 ein
276 2565 377 2620 Suchen
390 2569 437 2621 mit
448 2568 525 2622 Wahl
538 2570 591 2622 und
602 2569 731 2624 Bewulst-
814 2575 864 2622 aut
879 2585 920 2620 no
929 2585 948 2620 a
968 2571 1102 2635 concipere
1119 2575 1167 2620 aut
1187 2586 1294 2636 accoep-

223 2635 277 2687 sein
295 2635 453 2689 bezeichnet.
781 2645 836 2691 tam
853 2638 1014 2704 deponere
1031 2636 1119 2700 (fallen
1136 2638 1292 2704 nutassent:

257 2719 292 2753 erc
315 2719 344 2756 ac
367 2705 430 2767 fieri
452 2710 483 2756 ut
505 2705 675 2771 demgemils,
700 2723 730 2756 eo
781 2707 831 2758 wie
850 2705 907 2758 eine
924 2705 991 2758 Lest.

222 2770 285 2833 fieri
301 2775 333 2822 art
350 2772 475 2825 delshalb.
816 2773 894 2839 Quod
910 2777 934 2824 ri
950 2773 981 2825 Ja
1000 2787 1089 2825 wenn:
1108 2772 1158 2826 Vll.
1178 2776 1218 2826 23.

256 2839 438 2892 mulierculae.
472 2841 507 2922 lm
520 2840 636 2907 gleichen
653 2841 731 2920 Sinne
815 2858 858 2893 rea
874 2844 927 2893 ribi
944 2844 1097 2894 concordas
1121 2842 1175 2894 ihre
1193 2841 1291 2908 degen-

222 2907 392 3030 bbbibib'ibher
414 2911 438 2964 ²·
455 2907 566 2962 Tmou).
589 2909 627 2961 m·
652 2909 732 2998 b'dle
784 2915 862 3029 sabico
898 2994 912 3028 e
950 2977 1019 3028 beiru
1060 2977 1290 3042 untergeordnetcn

257 3044 279 3092 ti
296 3047 344 3107 qui
357 3050 489 3110 putentur
507 3048 578 3096 beati
594 3070 628 3092 =
645 3044 733 3105 fortu-
784 3045 862 3098 Sohlu
875 3050 956 3105 esaim
975 3045 1021 3096 das
1038 3044 1191 3112 cigentliche
1202 3043 1293 3096 Resul·

222 3112 292 3162 reati.
784 3119 821 3165 tat
839 3111 903 3164 wind
921 3117 973 3164 erst
990 3113 1037 3164 mit
1054 3113 1131 3178 Ergo
1148 3127 1270 3179 geaogen.

225 3180 303 3299 Stilti
337 3178 358 3228 0
389 3179 558 3244 praeclaram
593 3181 734 3234 ironischer
783 3183 957 3300 tMprlpplropem
981 3180 1027 3232 das
1054 3180 1292 3234 eharalrteristisehe

263 3261 278 3297 o
305 3285 310 3298 .
819 3263 846 3300 er
891 3263 932 3300 a.

244 3263 347 3366 pSolem
359 3314 429 3362 enim
446 3312 567 3364 Fdrwehr
579 3313 620 3366 die
639 3313 733 3369 Sonne.
819 3318 883 3367 bene
906 3319 1060 3382 constituti,
1084 3315 1193 3368 ndmlich
1211 3331 1228 3366 u
1245 3331 1292 3366 rra-

224 3379 733 3449 Abereigentliehhegn'mdetmimdas,
785 3387 865 3435 turc:
888 3383 939 3436 wie
961 3385 1032 3437 nicht
1054 3399 1101 3436 nur
1121 3398 1167 3434 aus
1184 3383 1229 3434 der
1245 3383 1293 3435 Be·

225 3463 279 3501 was
298 3449 338 3501 die
351 3447 514 3500 uumittelbar
525 3449 733 3514 vorhergehende
785 3451 899 3519 deutung
908 3451 954 3505 des
962 3452 1048 3517 Verbi,
1060 3450 1170 3502 condem
1179 3458 1294 3503 nement-

226 3519 318 3568 imsa'o
336 3516 454 3568 withlioh
471 3515 558 3570 meint.
784 3519 835 3571 lich
859 3520 924 3572 auch
948 3520 1038 3572 dumus
1056 3518 1161 3583 crhellt,
1184 3517 1241 3570 dale
1256 3519 1292 3570 im

261 3585 386 3635 leudeinus
402 3584 486 3650 hlingt
503 3583 538 3635 im
556 3585 732 3638 bateinischen
783 3587 931 3654 Folgenden
943 3588 1007 3640 eben
1020 3586 1116 3651 darauf,
1128 3585 1186 3638 dals
1197 3586 1239 3638 die
1250 3603 1293 3639 na·

225 3649 351 3703 durcheus
369 3653 440 3704 nicht
457 3668 487 3704 so
504 3652 613 3722 hequem
623 3653 675 3705 und
683 3653 734 3706 lits·
785 3654 1112 3716 tdrliohellumanitittdas
1122 3655 1293 3707 menschliche

225 3718 274 3784 sig,
292 3719 342 3769 wie
360 3719 406 3772 das
423 3719 546 3773 deutsche
568 3713 665 3774 ‘etwas
682 3737 735 3774 von
786 3724 888 3788 uerunt)
915 3723 994 3776 durch
1022 3721 1098 3774 hcine
1124 3722 1220 3775 Lehreu
1249 3723 1293 3774 der

222 3788 285 3852 jem.
298 3780 398 3838 haben’.
425 3787 473 3841 Off.
485 3787 502 3840 l.
517 3791 556 3842 nt.
570 3792 615 3841 71:
630 3793 677 3856 qui
689 3792 735 3842 ho·
785 3790 912 3844 Weisheit
921 3790 1191 3856 ausgerottetwerdeu
1200 3789 1292 3854 henne,

227 3855 288 3906 dent
310 3871 327 3906 o
349 3859 448 3906 nutura
472 3856 627 3908 adiumento
644 3874 735 3910 rerum
785 3859 874 3925 Bezug
899 3857 1292 3930 enommenundweitergebaut

223 3922 413 3988 gerendorum.
448 3921 736 3978 N.1t.111.eo.er:o·
786 3926 858 3982 wird.
912 3943 946 3979 on
964 3926 1059 3980 diesem
1075 3919 1294 3993 ‘wohleingerioh-
1322 3997 1328 4010 ι
