2854 4522
210 241 253 304 56
678 239 820 294 LAELIUS.

210 415 256 478 les
276 431 448 496 permanere
464 431 525 474 nou
547 420 681 494 possunt
710 411 848 492 llispares
866 410 944 472 euim
966 427 1064 472 mores
1084 410 1211 492 disparia
1225 419 1290 474 stu·

211 501 258 562 dia
273 507 455 579 sequuntur,
477 516 603 578 quorum
619 488 824 558 dissimilitudo
840 496 979 558 dissociat
993 496 1150 558 amicitiast
1178 513 1233 558 uec
1248 497 1289 558 cb

213 585 298 646 aliam
314 602 431 646 causam
443 583 532 644 ullam
546 583 618 644 boni
633 582 785 662 improbis,
800 581 928 662 improbi
944 580 1031 673 bouis
1044 581 1130 643 amici
1146 597 1210 646 esse
1225 599 1295 644 rou

213 681 348 751 possum,
364 669 421 730 uisi
437 669 515 748 quod
526 676 607 730 tauta
623 675 668 728 est
683 669 831 741 intereos,
847 673 955 748 quauta
966 665 1090 729 maxima
1102 676 1201 746 potest
1214 685 1291 742 esse,

163 768 192 817 to
213 772 331 816 morum
345 753 568 833 studiorumque
589 752 737 814 distantia.
766 751 857 813 Recte
878 751 966 813 etiam
986 753 1116 832 praecipi
1138 760 1237 834 potest
1257 753 1290 814 iu

213 839 365 913 amicitiis,
388 857 426 900 ue
441 839 635 919 intemperata
650 838 791 918 quaedam
812 836 1031 912 benevolentia,
1053 838 1132 917 quod
1147 855 1292 918 persaepe

214 927 260 998 tit,
276 924 416 1005 impediat
429 941 552 1002 magnas
565 922 705 984 utilitates
720 922 890 984 amicorum.
919 921 981 983 Nec
996 922 1092 994 euim,
1107 931 1140 984 ut
1154 923 1190 984 ad
1205 923 1290 984 tabu·

213 1010 256 1070 las
266 1009 393 1083 redeam,
408 1009 527 1069 Troiam
539 1007 751 1088 Neoptolemus
761 1025 866 1088 capere
877 1007 1030 1088 potuisset,
1047 1007 1072 1069 si
1084 1007 1291 1087 Lycomedem,

213 1095 293 1175 apud
313 1113 401 1174 quem
423 1102 485 1156 orat
499 1094 657 1174 educatus‚'
675 1092 778 1154 multis
798 1111 866 1154 cum
881 1092 1009 1154 lacrimis
1022 1092 1079 1154 iter
1092 1111 1181 1159 suum
1196 1091 1290 1173 impe·

214 1180 343 1240 dientem
358 1179 459 1240 audire
474 1178 629 1251 voluissem
652 1185 681 1238 et
695 1195 783 1258 saepe
797 1177 933 1239 incidunt
946 1193 1069 1255 maguae
1083 1195 1132 1239 ras
1146 1187 1180 1240 ut
1195 1177 1291 1240 disce-

215 1264 344 1325 dendum
359 1264 396 1324 sit
417 1263 453 1324 ab
468 1263 585 1336 amicis,
607 1281 680 1342 quas
695 1264 746 1342 qui
767 1262 910 1344 impedire
931 1263 991 1324 vult
1011 1263 1090 1342 quod
1112 1261 1289 1324 desiderium

216 1367 277 1409 uou
293 1347 378 1409 facile
398 1348 487 1420 ierat,
508 1349 533 1409 is
555 1357 584 1409 ct
598 1348 735 1409 infirmus
755 1359 800 1410 est
814 1347 970 1428 mollisque
991 1355 1095 1410 natura
1116 1357 1145 1409 et
1166 1347 1204 1409 cb
1226 1365 1291 1409 cam

164 1445 194 1494 te
215 1434 308 1514 ipsam
324 1451 440 1494 causam
455 1434 486 1493 in
501 1432 628 1494 amicitia
650 1451 754 1513 parum
775 1433 879 1494 iustus.
909 1435 1005 1513 dtque
1026 1433 1059 1494 iu
1074 1433 1155 1494 omni
1169 1452 1202 1494 re
1217 1449 1291 1494 eou-

215 1519 403 1602 sidcrandum
425 1527 469 1580 est
490 1526 520 1578 et
541 1518 611 1598 quid
633 1517 766 1598 postules
779 1517 816 1579 ab
837 1518 949 1591 emico,
971 1518 1085 1602 etquid
1106 1518 1216 1599 patiare
1230 1535 1247 1579 a
1262 1529 1292 1580 te

215 1603 254 1664 im
278 1603 376 1664 etrari.
850 1661 852 1664 .

256 1623 276 1684 p
300 1687 375 1748 XXl.
391 1688 444 1750 Est
466 1689 553 1750 etiam
568 1689 709 1768 quaedam
724 1685 939 1760 calamitas-in
960 1687 1096 1748 amicitiis
1109 1687 1295 1750 dimittendis

103 1819 106 1826 ,
216 1791 430 1854 nonuunquam
447 1774 625 1836 necessaria:
645 1773 703 1836 iam
718 1773 828 1834 enima
849 1772 1027 1852 sapientium
1049 1772 1295 1837 familiaritatibus

215 1859 252 1919 ad
271 1853 405 1938 vulgares
425 1859 567 1921 amicitias
588 1859 681 1920 oratio
703 1867 803 1920 nostra
825 1857 979 1919 delabitur.
1013 1857 1183 1939 Erumpunt
1204 1876 1293 1939 saepe
1377 1873 1379 1880 ’

216 2009 387 2062 Abschreihcr
416 2009 586 2075 hemdhrend,
615 2009 728 2061 welches
779 2008 997 2060 erobertwerden
1015 2009 1223 2064 ohuePhiloclet
1240 2011 1293 2064 und

216 2078 297 2130 demit
314 2092 393 2144 sagea
411 2077 513 2142 wollte,
531 2071 569 2129 ‘os
585 2077 666 2130 findet
684 2075 729 2129 aul
778 2077 833 2128 Neo
853 2076 964 2129 tolemus
982 2075 1129 2144 (Pyrrhus),
1151 2077 1201 2130 deu
1220 2078 1292 2132 Sohu

216 2147 274 2198 eine
292 2159 358 2210 ganz
376 2145 468 2196 audere
478 2145 565 2198 Weiss
575 2141 645 2198 slatt’
665 2145 728 2210 (die-
778 2093 948 2196 desxchilles
960 2145 1067 2197 undder
1075 2145 1214 2212 Deidamia,
1227 2149 1291 2200 wel-

218 2229 260 2266 ses
277 2228 332 2263 non
349 2213 509 2278 neglegere).
779 2212 839 2264 cher
863 2212 905 2264 bei
930 2213 1027 2265 selueru
1045 2213 1195 2268 Grolsvaler
1211 2216 1295 2283 hyco-

250 2281 338 2332 Aliter
356 2281 431 2332 weist
449 2281 494 2332 aul
510 2280 560 2332 deu
569 2279 672 2346 hulang
682 2279 728 2332 des
779 2280 867 2332 medes
894 2281 939 2333 aui
959 2279 1057 2349 Scyros
1079 2297 1188 2349 ereogen
1213 2284 1294 2340 ward.

218 2347 350 2416 §curticle
374 2347 408 2400 Es
423 2347 485 2400 wird
497 2363 544 2400 uur
556 2348 597 2400 die
608 2347 729 2400 Waudel-
779 2348 834 2400 Dec
851 2348 958 2413 Nameu,
976 2349 1088 2402 welcher
1104 2344 1205 2418 ‘jungor
1222 2351 1294 2418 liric-

216 2414 318 2468 barkeit
336 2415 381 2467 der
398 2415 532 2468 ldlschlich
548 2429 729 2482 eugeuommc-
797 2413 831 2468 er'
852 2417 986 2482 bcdeutet‚
1004 2417 1096 2470 erhielt
1114 2433 1141 2470 er
1158 2419 1219 2471 well
1237 2421 1293 2472 sein

218 2499 268 2536 neu
278 2483 470 2550 Freuudschalt‚
484 2485 554 2536 nicht
563 2484 609 2536 der
618 2484 730 2536 Freuud-
779 2431 858 2536 ieter
874 2483 989 2536 Aeldlles
1009 2486 1077 2550 J'ung
1097 2487 1124 2536 iu
1148 2487 1197 2538 deu
1215 2487 1294 2554 llrleg

218 2551 303 2604 sebast
321 2567 353 2603 au
371 2552 441 2618 sich,
464 2553 502 2604 els
524 2551 729 2605 uuausbleiblich
780 2565 837 2616 zog.
863 2551 897 2603 So
915 2551 1108 2604 hat'l'elemach
1125 2567 1184 2606 vom
1203 2555 1293 2608 lernen

219 2623 326 2687 gesetct.
780 2619 890 2686 llample
908 2619 953 2671 des
972 2617 1115 2739 Odpsseum
1140 2621 1215 2674 leeek
1231 2639 1293 2676 vom

252 2691 327 2754 aequi
344 2687 378 2739 ist
397 2687 536 2754 gleichsam
552 2691 593 2738 ire
611 2703 663 2754 pua
681 2689 730 2740 du-
779 2687 879 2740 bachen
889 2687 934 2739 des
943 2687 1012 2740 Abra
1031 2703 1072 2740 am
1084 2688 1136 2740 und
1149 2690 1194 2742 der
1203 2689 1293 2757 Sarah,

219 2761 283 2808 eant
298 2756 405 2806 studia:
423 2753 564 2822 ngleiche
577 2756 729 2810 Charektere
780 2755 1064 2808 Sohmcrzeureiehvou
1078 2756 1128 2808 den
1138 2757 1292 2812 Salmonea

218 2823 306 2890 lolgeu
317 2823 639 2890 ungleichenNeiguugeu.
662 2824 729 2877 Sub·
779 2823 973 2876 derGenovera
990 2824 1039 2876 deu
1054 2825 1152 2878 Nomen
1170 2827 1295 2883 erhelteu.

215 2894 271 2956 J'ect
288 2891 357 2943 kann
373 2893 466 2943 stadia
486 2893 557 2943 nicht
574 2893 636 2946 sein.
673 2893 728 2945 Suc
815 2907 875 2943 eum
893 2893 1015 2943 lacrimis
1030 2887 1131 2946 ‘uater'.

219 2963 329 3024 quicque
344 2961 435 3012 studio
457 2975 584 3039 momume
609 2961 728 3014 ducitur.
814 2961 998 3026 impedientem
1016 2961 1070 3012 hier
1088 2961 1168 3014 durch
1185 2966 1233 3028 qul
1243 2965 1293 3014 im·

220 3043 376 3146 ,aaut
394 3027 732 3149 rectractetur:
778 3028 1294 3152 {attractam{scitetur

219 3161 327 3214 lichkeit
349 3161 416 3213 daun
433 3191 466 3201 —
492 3163 549 3230 llgl.
574 3179 620 3232 pro
645 3164 731 3216 Plauc.
784 3165 926 3216 lenientem
944 3163 1007 3218 Ceto
1016 3163 1050 3218 bl.
1060 3164 1216 3221 lV.1l.llV.
1226 3171 1268 3221 04.

219 3231 246 3283 ll.
260 3235 289 3282 o:
307 3245 393 3295 meque
404 3235 444 3280 ael
453 3231 539 3282 ullum
551 3237 651 3284 eortius
663 3236 732 3283 ami·
815 3231 1002 3282 discedendum
1022 3255 1057 3280 -ι
1079 3234 1291 3299 ἀιξνσᾱίσηάιιηι.

221 3303 302 3350 ciliae
317 3297 468 3362 vinculum,
491 3315 571 3364 quam
590 3317 731 3352 comuntur
781 3299 880 3352 Auders
897 3297 999 3354 xlltt.

220 3372 247 3418 et
263 3370 377 3419 societur
394 3365 567 3418 camellorum
590 3373 616 3418 et
638 3369 731 3419 uolum-
815 3381 882 3432 petas
899 3371 947 3432 qut*
964 3361 1032 3420 ‘und'
1053 3383 1107 3420 wer
1124 3368 1202 3425 diem.

221 3439 315 3488 tomm.
815 3433 896 3496 leret.
919 3435 947 3486 ln
965 3435 1023 3488 dem
1042 3436 1196 3501 Goujuuctiv
1215 3438 1291 3505 liert:

256 3507 295 3555 75.
322 3501 378 3555 Nee
395 3531 428 3542 -
447 3507 474 3554 et
496 3502 546 3554 wie
569 3501 667 3554 XXVll.
683 3505 731 3556 104
782 3517 813 3554 zu
831 3506 921 3568 trageu
939 3501 1037 3569 glaubt.

220 3570 273 3622 uud
284 3576 441 3636 meque-et
452 3570 515 3623 lllll.
526 3573 567 3624 10.
586 3569 644 3622 Uud
662 3585 733 3623 zwar
791 3607 794 3614 -
817 3573 858 3624 ib.
876 3573 964 3636 Atque
976 3572 1228 3626 zusammeulasseud
1240 3574 1292 3628 und

220 3637 286 3690 wird
309 3637 367 3690 dem
391 3639 554 3692 Besoudereu
577 3639 623 3691 des
644 3639 733 3706 1111ςοι
784 3638 982 3691 absehlielseud:
1001 3633 1067 3691 ‘llud
1084 3636 1132 3694 so'.

220 3703 304 3758 meino
322 3707 588 3776 gependbergcstellt,
605 3705 656 3759 wie
673 3707 730 3760 ll.8
816 3707 880 3760 lllll.
899 3711 928 3757 a'n
944 3700 980 3758 ‘in
997 3702 1102 3760 Retrell
1121 3709 1184 3762 oder
1199 3701 1252 3763 ‘wo
1264 3724 1292 3762 es

220 3774 247 3826 in
271 3774 315 3827 der
337 3775 456 3828 Autwort
479 3775 525 3828 des
542 3776 626 3828 bilius
651 3776 731 3828 durch
783 3769 850 3841 gilt’:
868 3775 995 3829 11111103.

221 3841 278 3894 Nec
295 3871 329 3882 -
345 3857 401 3894 mec.
803 3846 967 3894 'necessaria
984 3843 1193 3897 unvermeidlich.

257 3909 452 3976 Neoptolemus.
469 3910 731 3975 Trojekountontcht
816 3911 965 3962 delabitur:
981 3911 1129 3966 10101100
1147 3913 1272 3976 deflumil.
