2854 4522
607 283 750 340 munus,
1175 284 1213 348 et
1263 247 1268 263 '

145 457 244 520 omnia
266 457 416 539 pertinent
436 457 471 518 ad
492 455 670 519 fidelitatem.
704 455 806 537 Neque
824 455 904 516 enim
924 455 1015 518 ddum
1036 467 1132 538 potest
1153 477 1217 522 esse

144 541 298 624 multiplex
319 543 473 622 ingenium
495 552 524 604 et
543 550 727 615 tortuosum3
747 559 844 622 neque
863 559 933 602 vero
955 543 1005 622 qui
1027 561 1088 604 non
1107 543 1217 606 eisdem

143 627 234 689 rebus
248 635 382 690 movetur
396 636 559 708 naturaque
579 628 742 702 consentit,
764 635 815 688 aut
833 626 910 688 fidus
923 635 973 688 aut
988 627 1099 690 stabilis
1118 638 1217 708 potest

144 731 218 774 esse.
247 713 422 774 Addendum
437 713 539 774 eodem
555 721 599 776 est
615 720 649 773 ut
664 729 703 772 ne
724 711 897 774 criminibus
918 721 969 774 ant
990 713 1152 776 inferendis
1165 715 1216 776 de·

143 797 284 872 lactetur,
299 807 350 859 aut
365 799 464 860 credat
478 797 598 860 oblatis:
620 815 696 877 quae
711 797 860 877 pertinent
875 797 973 859 omnia
987 798 1023 860 ad
1038 817 1112 874 eam,
1128 817 1215 878 quam

142 883 313 944 iamdudum
333 891 443 958 tracto,
465 881 668 946 constantiam.
698 882 740 943 lta
762 882 795 943 lit
814 899 916 943 verum
936 881 1009 944 illud
1030 884 1108 963 quod
1129 883 1215 946 initio

142 968 218 1043 dixi,
238 967 394 1030 amicitiam
410 969 467 1030 nisi
481 969 559 1030 inter
571 968 669 1030 bonos
683 985 747 1029 esse
767 985 828 1028 non
850 985 947 1048 posse.
977 968 1030 1028 Est
1050 969 1129 1030 enim
1143 967 1217 1033 honi

142 1053 212 1126 riri,
234 1072 322 1134 quem
337 1054 464 1116 eundem
484 1054 647 1135 sapientem
667 1051 737 1114 licet
757 1052 870 1126 dicere,
892 1052 966 1114 haec
986 1054 1045 1114 duo
1066 1062 1168 1116 tenere
1183 1054 1215 1116 in

142 1138 287 1200 amicitia:
303 1139 431 1220 primum
447 1159 485 1201 ne
501 1139 571 1220 quid
585 1139 686 1200 fletum
697 1137 735 1199 sit
746 1156 819 1200 nere
830 1137 1009 1213 simulatum,
1023 1147 1124 1219 aperte
1136 1138 1215 1200 enim
1268 1163 1269 1166 ¹

141 1222 188 1284 rel
202 1223 298 1286 odisse
312 1225 405 1303 magis
425 1224 547 1304 ingenui
562 1234 607 1286 est
628 1241 715 1303 quam
735 1223 833 1285 leonte
854 1222 1002 1286 occultare
1022 1225 1213 1300 senteutiam;

141 1307 248 1370 deinde
262 1327 324 1370 non
345 1308 442 1370 solum
457 1309 493 1371 ab
508 1309 607 1389 aliquo
627 1308 728 1371 allatas
748 1309 968 1371 criminationes
981 1309 1142 1389 repellere,
1163 1309 1215 1370 sed

142 1411 181 1454 ne
197 1393 295 1474 ipsum
319 1394 437 1474 quidem
459 1413 524 1456 esse
543 1393 757 1475 suspiciosum,
776 1412 894 1474 semper
914 1394 1025 1474 ahquid
1045 1396 1214 1457 existiman·

139 1489 201 1539 tem
227 1479 263 1541 ab
288 1480 384 1541 amieo
410 1497 474 1541 esse
496 1479 645 1542 violatum.
681 1479 807 1542 Accedat
832 1479 892 1541 huc
919 1479 1047 1541 suavitas
1071 1481 1214 1561 quaedam
1234 1492 1264 1544 66

142 1573 260 1643 oportet
279 1583 451 1626 sermonum
472 1574 560 1645 atque
580 1583 713 1642 morum,
734 1565 960 1645 haudquaquam
974 1565 1121 1628 mediocre
1141 1585 1214 1628 con·

142 1648 304 1711 dimentum
319 1650 471 1712 amicitiae.
500 1650 629 1712 Tristitia
643 1659 743 1712 autem
765 1659 795 1712 et
810 1650 841 1711 in
859 1651 939 1710 omni
962 1669 994 1711 re
1009 1651 1147 1713 seueritas
1161 1651 1214 1712 ha-

141 1734 192 1795 bet
209 1733 258 1796 illa
282 1735 400 1816 quidem
426 1735 611 1814 gravitatem3
637 1737 689 1797 sed
715 1735 841 1798 amicitia
866 1735 1105 1796 remissior.esse
1127 1735 1235 1803 debet,

142 1830 171 1880 et
190 1818 327 1896 liberior,
354 1829 383 1882 et
403 1819 517 1883 dulcior
538 1831 567 1883 et
591 1822 626 1884 ad
649 1839 767 1882 omnem
793 1819 960 1881 comitatem
986 1819 1212 1900 facilitatemque

140 1903 307 1984 proclivior.

225 1989 300 2051 XIX.
315 1989 436 2052 Exsistit
450 1998 548 2052 autem
560 1991 617 2050 hoe
631 1989 698 2051 loco
714 1988 855 2070 quaedam
868 1988 1000 2068 quaestio
1012 1987 1212 2049 subdifficilis:
1234 2001 1263 2052 67

174 2137 259 2188 neque
276 2128 442 2176 vero-aut
457 2123 536 2185 fidus.
566 2121 651 2174 Duroh
702 2123 772 2174 sitne
785 2121 1083 2188 (bueoduo):primum
1094 2121 1214 2188 negiebt

141 2191 190 2242 den
203 2191 335 2243 Ghiasmus
352 2189 428 2243 lrehrt
446 2189 605 2242 diePeriode
617 2205 650 2242 cu
700 2189 740 2242 aie
757 2189 796 2241 als
813 2187 871 2240 eine
882 2189 1038 2256 Forderung‚
1057 2190 1153 2240 danda
1164 2192 1212 2243 mit

140 2260 221 2310 ihrem
238 2258 341 2324 Ansang
358 2257 469 2310 zuruck:
487 2258 549 2310 Cato
561 2257 595 2310 Μ.
608 2257 649 2310 Vl.
701 2257 759 2378 qqm
776 2256 821 2309 lus.
835 2257 874 2309 ale
886 2257 942 2310 eine
954 2257 1152 2326 appositionelle
1166 2259 1213 2311 Er-

143 2331 183 2380 15.
731 2327 818 2377 irun.

175 2394 272 2446 eisdem
288 2395 368 2444 reduc
392 2399 432 2445 ete
455 2393 495 2445 hir
519 2392 649 2445 dieselbeu
734 2339 825 2454 frango
841 2392 926 2445 hinter
937 2393 982 2445 der
996 2391 1074 2458 stim,
1092 2393 1141 2460 aig.
1153 2395 1213 2446 mit-

139 2461 284 2514 Eindrdclre
293 2461 464 2529 empsanglieh
470 2460 650 2528 (συμπαθεῖν)
701 2462 763 2514 telst
774 2461 819 2513 der
828 2453 910 2512 Stirn:
923 2461 962 2512 als
971 2461 1016 2512 der
1024 2465 1111 2511 animi
1118 2464 1212 2528 ianua,

139 2531 192 2583 und
218 2545 268 2582 uon
295 2529 376 2584 Natnr
401 2529 588 2596 gleiehgesinnt
615 2530 650 2582 ist
701 2529 752 2582 wie
770 2529 808 2582 sie
826 2529 858 2580 de
870 2529 944 2596 petit.
957 2529 1055 2583 consul.
1068 2529 1109 2582 lll.
1122 2533 1156 2582 44
1168 2545 1213 2596 gr·

139 2591 308 2667 (ὁμοᾶοξεῖν).
700 2601 780 2650 nonni
797 2596 870 2651 wird.

173 2666 475 2728 inserendis-oblatis.
493 2665 649 2718 Jeuessetzt
733 2681 768 2716 aa
784 2670 871 2731 ipaum
892 2665 999 2730 quidam
1022 2664 1107 2728 (auch)
1130 2664 1211 2717 selhst

139 2733 455 2799 dievBeschnldiguugen,
479 2733 520 2785 die
538 2734 583 2786 der
600 2733 647 2786 Ge·
700 2749 745 2800 gar
762 2733 840 2784 nicht.
871 2731 906 2784 So
925 2733 997 2798 giebt
1013 2733 1211 2798 ree-quidem

140 2802 235 2854 withlte
259 2801 369 2853 erheben
387 2801 502 2866 (gleichs.
526 2801 647 2868 zuidgent
699 2801 771 2852 nicht
788 2801 871 2852 selten
888 2803 952 2852 stati
973 2800 1043 2851 einer
1060 2799 1211 2852 wirklichen

139 2871 245 2934 locuto,
262 2870 289 2920 in
307 2868 496 2934 dieKategorie
513 2867 558 2920 der
576 2873 647 2920 inin·
699 2869 756 2920 eine
790 2867 860 2920 blois
897 2867 1014 2920 formello
1049 2865 1210 2934 Steigerunq.

138 2941 213 3002 riae;
231 2938 315 2990 dieses
325 2937 394 2989 steht
403 2951 454 2989 von
465 2935 514 2988 den
524 2935 648 2988 Beschul-
698 2937 771 2988 Deua
787 2941 874 2987 cester
898 2935 970 2986 nihil
991 2950 1092 3000 agene:
1115 2953 1211 3003 aspera

139 3007 269 3073 dignngen
287 3005 385 3058 welche
398 3021 446 3057 vor
462 3004 507 3056 ihn
525 3005 648 3070 gebracht
698 3007 809 3056 virtutis
824 3007 927 3070 igitur:
944 3007 985 3054 ita
996 3019 1030 3054 ae
1042 3006 1135 3056 beatur
1152 3009 1212 3070 qui·

139 3074 256 3140 werden,
286 3073 366 3126 durch
395 3072 571 3133 Verlenmder
595 3073 649 3125 und
699 3073 759 3124 dero
777 3074 832 3139 (gar
849 3072 920 3123 nicht
938 3071 1022 3137 salig).

139 3143 371 3208 Zwischeniriiger3
390 3142 497 3194 ,allatae
519 3143 647 3192 erimina-
734 3141 839 3206 aliquid
867 3139 957 3206 irgend
987 3139 1028 3191 ein
1055 3133 1136 3192 Recht
1166 3139 1211 3191 der

139 3215 226 3262 tiones
258 3210 348 3262 weiter
376 3214 455 3262 unten
485 3209 542 3262 sind
571 3223 649 3276 ange·
699 3207 898 3328 Frqrndschalt,
927 3207 1017 3274 irgend
1043 3208 1100 3260 eine
1126 3206 1211 3260 uuek-

138 3279 252 3331 brachte.
700 3277 737 3329 sic
756 3281 774 3329 t.

175 3351 262 3398 tracto
279 3345 371 3412 besagt
388 3346 459 3398 mehr
483 3345 520 3398 als
543 3345 647 3414 bespre·
734 3348 775 3399 66.
792 3360 944 3396 emonam
957 3345 1001 3397 der
1013 3342 1207 3408 Unterhaltung.

140 3415 216 3468 chen:
253 3419 321 3466 etwa
354 3410 402 3466 ‘zu
437 3413 647 3467 charakterisiren
699 3412 783 3466 Duroh
805 3413 921 3466 walchen
941 3411 1060 3480 Singular
1083 3411 1116 3462 ist
1142 3409 1210 3462 daun

139 3477 236 3536 suche'.
698 3493 803 3534 morum
820 3497 852 3534 zu
870 3483 971 3548 geben?

173 3551 206 3613 fit
216 3565 308 3602 oerum
318 3549 389 3601 illud
396 3548 581 3601 bewahrheitet
592 3550 647 3601 sich
731 3553 868 3602 rcroireior
879 3548 1121 3615 (ungezwungener)
1139 3551 1166 3598 et
1177 3547 1209 3598 u·-

139 3618 184 3670 der
202 3617 270 3670 Satn.
699 3620 789 3668 berior
800 3617 1019 3680 (rdckhaltsloser)
1038 3615 1099 3680 geht
1112 3615 1158 3667 anf
1168 3615 1209 3668 die

172 3689 264 3738 initio:
282 3684 313 3736 V.
327 3688 366 3739 18.
697 3688 810 3737 metilia
827 3685 956 3746 (iinsteres
972 3683 1087 3748 Wesen),
1104 3683 1211 3735 dulcior

171 3759 289 3821 primm
305 3769 339 3804 ne
356 3753 408 3805 und
426 3753 522 3804 dunno
538 3768 593 3804 reon
605 3769 647 3803 ao·
697 3753 866 3818 (liebreicher)
891 3757 917 3802 et
936 3752 1088 3818 proclivior·
1107 3750 1152 3804 aul
1168 3751 1211 3802 die

141 3823 193 3874 lum
203 3823 285 3890 geben
297 3820 592 3888 beidediehusldhrung
603 3820 647 3873 der
697 3824 727 3872 in
746 3824 819 3872 omni
835 3837 865 3872 re
882 3823 1018 3871 reveritor.

139 3891 231 3944 beiden
249 3907 300 3944 von
319 3889 376 3942 dem
395 3896 473 3957 guten
491 3889 567 3944 Maon
586 3888 647 3942 oder
732 3889 797 3942 XIX.
815 3891 856 3944 67.
874 3889 994 3941 hocloco
1011 3913 1045 3936 a
1063 3889 1153 3940 hucin
1170 3903 1201 3938 re

138 3956 197 4012 dem
207 3957 647 4013 WeiseniestzuhalteudenGrund·
698 3957 803 4010 hierbei.

971 4042 1004 4094 4*
