2854 4522
148 277 158 282 “
215 269 257 330 46
596 307 607 351 ,
680 265 822 319 mantus.

216 445 284 507 iacti
300 444 407 515 simus,
428 460 487 522 quo
503 459 571 520 erga
586 451 701 502 nosmet
716 439 813 520 ipsos3
835 438 954 500 alteram
970 449 1003 500 nt
1017 447 1117 502 nostra
1133 439 1163 500 in
1180 438 1292 500 amicos

215 529 419 592 benevolentia
434 526 551 588 illorum
564 545 631 606 erga
647 543 703 586 nos
716 523 937 586 benevolentiae
948 525 1059 606 pariter
1071 524 1291 606 aequaliterque

216 614 408 696 respondeat;
434 613 546 674 tertiam
561 619 593 672 ut
609 609 709 691 quanti
725 609 850 690 quisque
866 629 898 670 se
912 611 976 690 ipse
992 610 1076 684 iacit,
1098 611 1172 672 tanti
1188 611 1238 670 fiet
1251 609 1290 670 ab

166 713 195 762 57
217 699 327 762 amicis.
358 698 467 760 Herum
483 697 572 758 trium
587 693 798 756 sententiarum
815 694 888 755 nulli
908 713 1030 775 prorsus
1044 696 1198 758 assentior.
1227 694 1291 756 Nec

217 786 295 846 enim
311 783 360 845 ilia
375 783 468 864 prima
484 800 550 844 vera
567 789 620 856 est,
636 790 669 842 ut
684 780 929 861 quemadmodum
944 780 973 841 in
990 799 1022 841 se
1038 780 1163 861 quisque
1178 780 1231 852 sit,
1246 779 1291 841 sic

216 871 246 932 iu
263 871 389 932 amicum
410 869 448 929 eit
461 868 616 929 animatus.
646 865 739 936 Quam
760 865 850 926 multa
873 865 967 940 euim,
990 884 1064 946 quae
1080 873 1180 927 nostre
1202 883 1290 927 eausa

217 973 367 1036 nunquam
380 954 552 1026 faceremus,
568 951 690 1013 iacimus
701 951 878 1011 amicorum:
895 952 1007 1031 precari
1020 951 1056 1012 ab
1068 951 1201 1029 indigno,
1217 969 1289 1031 sup-

216 1041 417 1122 plicare3tum
425 1037 597 1100 acerbiusin
606 1036 732 1117 aliquam
743 1035 851 1109 invehi,
863 1036 1060 1117 insectarique
1070 1036 1287 1098 vehementius:

217 1126 337 1206 quaein
359 1123 468 1186 nostris
487 1123 576 1184 rebus
591 1140 652 1184 nou
668 1121 738 1183 satis
752 1122 892 1194 honeste,
913 1121 943 1182 in
965 1122 1127 1183 amicorum
1144 1123 1219 1183 tiunt
1233 1123 1289 1182 ho-

217 1211 391 1273 certissime.
421 1208 586 1290 Multaequc
601 1227 649 1270 roe
664 1214 734 1268 sunt
747 1207 778 1267 in
795 1205 903 1287 quibus
923 1207 960 1268 de
980 1207 1041 1269 suis
1056 1207 1218 1269 commodis
1232 1205 1288 1266 viri

216 1297 287 1358 boui
309 1295 400 1357 multa
415 1295 573 1356 detrahunt
593 1292 765 1372 detrahique
785 1291 955 1373 patiuntur,
977 1300 1010 1353 ut
1030 1292 1066 1354 iis
1087 1293 1173 1354 amici
1188 1292 1289 1373 potius

165 1391 194 1442 58
216 1399 304 1462 quam
319 1380 376 1462 ipsi
391 1380 535 1441 fruantur.
566 1378 663 1440 Altera
678 1377 821 1439 sementia
837 1385 897 1450 est,
921 1396 996 1458 quae
1011 1377 1112 1438 definit
1130 1378 1287 1440 amicitiam

215 1465 336 1548 paribus
351 1464 456 1526 officiis
470 1483 504 1526 ac
518 1463 726 1525 voluntatibus.
756 1462 820 1524 Hoc
835 1462 954 1542 quidem
975 1471 1021 1524 eet
1035 1463 1122 1524 nimis
1137 1464 1241 1542 exigue
1257 1470 1288 1524 et

216 1551 329 1612 exiliter
342 1551 377 1611 ad
393 1549 522 1612 calculos
538 1567 640 1610 meare
654 1547 826 1618 amicitiam,
841 1556 875 1608 ut
889 1565 943 1627 par
957 1547 996 1608 sit
1009 1547 1083 1610 ratio
1098 1555 1287 1629 acceptorum

216 1645 245 1697 et
259 1637 403 1697 datorum.
433 1634 555 1696 Divitior
568 1634 640 1695 mihi
656 1640 686 1694 ct
704 1632 872 1694 affluentior
886 1632 1000 1693 videtur
1022 1651 1087 1694 cose
1105 1652 1170 1696 vera
1185 1633 1287 1696 amiei-

215 1721 273 1796 tia,
296 1740 351 1783 uec
366 1720 520 1782 observare
534 1719 671 1784 restricte
685 1736 723 1778 ne
739 1717 807 1798 plus
827 1717 928 1778 reddat
942 1735 1028 1798 quam
1044 1719 1198 1800 acceperit.
1228 1717 1287 1780 Ne·

216 1825 274 1888 quc
289 1805 367 1868 enim
382 1805 541 1867 verendum
557 1814 601 1866 eet
613 1823 650 1866 ne
662 1803 732 1884 quid
743 1803 864 1876 excidat,
880 1812 931 1864 aut
944 1821 981 1864 ne
993 1803 1062 1883 quid
1074 1803 1104 1865 ia
1116 1813 1224 1866 terram
1235 1803 1284 1864 de-

149 1903 192 1966 ,59
215 1891 589 1971 fluat,autneplusaequo
601 1889 713 1970 quidiu
725 1887 879 1950 amicitiam
891 1897 1077 1967 congeratur.
1093 1888 1285 1952 Tertiusvero

246 2045 354 2108 pariter
379 2041 580 2107 aequaliterque
605 2040 631 2091 in
662 2040 725 2106 glei-
772 2042 912 2103 generata.
931 2037 967 2090 De
977 2037 1017 2090 Or.
1027 2038 1065 2091 lii.
1076 2041 1117 2093 38.
1134 2042 1193 2093 155:
1212 2041 1285 2090 cordi

216 2110 288 2162 ehem
301 2107 381 2161 Marce
399 2108 450 2160 und
468 2109 494 2160 in
507 2107 723 2174 gleieherWeieo‚
775 2105 918 2157 translatio
953 2109 1078 2158 instituta
1111 2112 1151 2158 eet
1177 2110 1285 2175 inopiae

216 2176 370 2245 quantitativ
387 2176 440 2229 und
459 2175 595 2243 qualitativ
607 2175 658 2238 (IX.
672 2178 722 2240 32).
775 2189 867 2240 cauea,
882 2172 1056 2240 frequentata
1074 2175 1267 2228 detentationem

249 2247 290 2297 57.
308 2244 379 2295 aaliz·
396 2259 518 2310 prorem.
553 2243 640 2295 Cicero
664 2243 725 2296 torst
809 2257 878 2308 quoe
894 2243 978 2309 (alles)
995 2242 1076 2310 Dirige
1094 2243 1142 2296 dic.

215 2307 349 2364 ‘durehaue
367 2306 449 2364 keine'
475 2311 520 2363 der
542 2311 723 2377 ausgeotellten
810 2310 963 2376 Madtaeqoa
989 2327 1032 2362 ree
1056 2305 1123 2364 ‘Und
1150 2306 1204 2365 so':
1235 2329 1285 2378 que

214 2379 355 2432 Ansiehten
372 2380 467 2445 gelten.
495 2379 530 2432 So
547 2379 578 2433 N.
597 2379 626 2431 1).
644 2379 662 2432 Ι.
683 2383 723 2434 tt.
775 2377 946 2431 absolvirend.

214 2451 246 2502 ³7
282 2463 412 2533 amquam
443 2463 554 2514 proruas
587 2440 723 2499 ‘durchaus
809 2448 850 2498 58.
869 2446 1097 2513 definitabqrenat
1115 2446 1202 2513 durch,
1221 2448 1245 2502 d.
1259 2449 1284 2502 h.

213 2515 357 2584 nirgendo,
379 2515 417 2568 tlt.
441 2519 464 2568 8.
490 2517 520 2568 at
545 2515 620 2566 nullo
644 2516 723 2567 modo
774 2513 930 2566 beschrdnkt
955 2514 1001 2566 aui
1022 2514 1076 2573 (deo
1099 2514 1199 2580 gleiche
1216 2515 1284 2568 Mais

209 2600 325 2652 promte
333 2587 463 2636 assentior
475 2583 515 2635 sdr
522 2599 637 2650 prorsas
648 2583 723 2634 nullo
774 2580 1047 2648 derliienstiertigkeit
1055 2581 1283 2650 nndZuaeigungt.

213 2652 304 2717 modo'‚
329 2651 381 2705 und
399 2651 431 2704 de
449 2651 502 2704 Fin.
521 2651 548 2704 li.
567 2655 591 2706 5.
613 2655 643 2705 tc
661 2651 724 2703 Noa
808 2651 907 2714 exigue
933 2654 959 2700 et
984 2650 1093 2700 amiliaco·
1119 2651 1189 2703 einer
1215 2650 1284 2703 allzu

211 2736 326 2804 pqornu
342 2715 421 2773 ‘dana
442 2718 493 2772 und
516 2734 561 2787 gar
584 2714 660 2772 nicht’
681 2714 723 2785 (οὐ
773 2716 1103 2770 kleinenundkieinliciren
1115 2717 1284 2786 Bereehnung

214 2792 303 2908 7Ἢὲ
325 2859 403 2908 enim.
438 2855 526 2907 Diesee
549 2849 651 2908 ‘woden'
678 2855 723 2908 hat
774 2785 1282 2920 unqqrhqeqtceqfflmmmmmdas

213 2925 272 2977 kain
300 2923 513 2991 entsprechendes
538 2919 631 2976 ‘noch'.
676 2923 722 2976 liie
772 2920 920 2974 Verhidtnie
938 2921 982 2973 der
1000 2921 1139 2974 Einneirme
1155 2921 1282 2974 unditus-

213 2991 282 3044 Rede
300 2991 345 3043 hat
363 2992 417 3043 sich
433 2992 479 3044 mit
491 2991 723 3044 natnrtiahertrei-
772 2989 847 3056 gabe.

213 3060 268 3112 neit
285 3058 375 3111 andere
394 3059 523 3125 gestaltet.
807 3057 924 3121 excidat,
942 3057 1050 3122 dellaat,
1068 3063 1233 3122 congeratur
1247 3056 1282 3110 ist

246 3127 295 3178 ida
311 3129 401 3193 primo
412 3155 445 3166 -
456 3133 488 3177 at
505 3126 562 3179 dois
579 3121 721 3179 ‘ndmlich’z
772 3140 832 3177 vom
841 3123 943 3176 Meroen
955 3123 1000 3175 des
1014 3123 1145 3177 Getieides
1158 3124 1280 3190 entlehnt,

213 3195 254 3249 lV.
267 3198 305 3248 14.
772 3193 825 3244 uod
842 3192 883 3244 die
901 3192 1086 3245 Freundsehast
1104 3193 1141 3246 alc
1161 3190 1280 3246 desidere

247 3267 278 3316 in
294 3279 321 3314 ae
338 3263 448 3328 quisque
464 3263 514 3328 eit,
538 3263 647 3314 niimlich
666 3265 723 3314 ani·
773 3263 880 3328 gesetzt.
921 3259 993 3312 Nach
1016 3259 1061 3312 der
1086 3261 1280 3328 gewdhnlicheu

213 3337 316 3384 motae:
333 3323 378 3382 ‘es’
399 3328 444 3382 sei,
772 3328 905 3380 Annahme
932 3328 982 3380 coll
1009 3333 1031 3382 t.
1056 3344 1107 3382 von
1134 3329 1280 3392 trockeaen,

247 3403 395 3452 amicorum
413 3395 496 3449 denke
514 3411 602 3461 cauea,
624 3412 679 3448 was
695 3397 722 3448 in
773 3399 797 3448 2.
814 3411 866 3448 von
884 3395 1016 3464 fldseigeu,
1035 3400 1058 3450 3.
1071 3411 1121 3448 von
1140 3396 1280 3450 treckenen

212 3467 441 3534 videndusgabcn
454 3465 518 3517 eben
529 3479 557 3516 so
568 3464 723 3532 fiberflr'iesig
772 3463 869 3532 liiugen
883 3464 1022 3532 gehandelt
1031 3464 1146 3526 werden;
1166 3465 1280 3517 eborea-

214 3533 253 3587 ale
262 3550 290 3587 re
308 3533 634 3601 elwidrigvorama'eonam
643 3532 722 3585 steht.
772 3533 860 3584 cidere
876 3533 911 3585 ist
923 3533 969 3586 das
981 3532 1140 3599 Aligemeine
1152 3533 1279 3599 (verloren

213 3600 271 3670 Vgl.
282 3549 398 3655 rimmo:
414 3601 545 3669 praeridit·
562 3601 722 3652 adrumento-
772 3599 1279 3669 gehen)‚woreuidannetwasSpeciellee

214 3685 264 3736 qtae
282 3686 371 3734 cauea,
388 3687 443 3721 noa
461 3669 659 3722 beneuolentiae
675 3685 720 3720 ne·
771 3669 826 3732 (aui
848 3669 889 3721 die
907 3669 972 3721 Erde
993 3667 1090 3735 laufen)
1115 3669 1161 3722 mit
1183 3669 1278 3722 seinem

213 3755 265 3804 que
282 3741 414 3790 amaus.
448 3738 480 3791 N.
490 3738 517 3790 1).
527 3737 554 3790 tt.
568 3742 606 3791 tt.
618 3739 664 3790 at:
688 3741 720 3788 at
771 3737 931 3804 Gegensetae
950 3736 1023 3803 iolgt.

214 3809 294 3874 aimei
307 3807 577 3873 concatenatum-um,
594 3810 721 3873 vaginam
801 3807 866 3872 plue
880 3820 973 3870 aequo
995 3806 1061 3871 quid
1084 3805 1124 3856 ein
1149 3804 1221 3857 mehr
1242 3805 1278 3857 aie

213 3882 302 3928 auum
311 3874 409 3942 gladii,
424 3877 463 3925 aio
471 3880 581 3941 poetar
592 3875 721 3926 mundum
770 3873 852 3940 hitltg.

214 3951 302 3997 cetera
321 3945 411 3995 amaia
427 3943 545 3993 aliamne
569 3959 650 3995 eausa
668 3959 722 3994 esee
806 3945 847 3995 59.
865 3956 929 3992 aero
947 3955 997 3992 nun
1016 3955 1068 4007 gar,
1086 3940 1212 3994 vellendo.
