2854 4522
611 270 754 323 nanctus,
1179 266 1216 326 41

151 457 179 506 et
193 443 292 506 laetari
308 443 395 504 bonis
410 442 499 504 rebus
514 451 543 504 et
557 442 656 504 dolere
676 441 840 503 contrariis.
870 439 962 512 Quam
976 441 1013 502 oh
1029 461 1090 503 rem
1106 442 1130 503 si
1146 443 1221 505 cadit
1243 452 1272 504 48

150 531 181 590 in
197 529 358 609 sapientem
374 527 464 590 animi
481 527 580 602 dolor,
604 527 654 607 qui
670 528 802 608 proiecto
819 527 896 588 cadit
911 527 968 588 nisi
988 545 1021 588 ex
1038 527 1101 588 eius
1122 528 1220 588 animo

150 614 336 694 exstirpatam
352 613 561 674 humanitatem
578 612 769 674 arbitramura
791 631 865 693 quae
888 630 972 673 causa
989 621 1032 673 est
1053 631 1106 674 cur
1120 613 1221 674 amici·

149 700 219 761 tiam
235 699 368 760 funditus
388 699 556 760 tollamuse
576 697 650 770 vita,
672 716 709 758 ne
724 697 836 777 aliquas
857 707 979 777 propter
1000 715 1062 758 eam
1079 697 1221 778 suscipia-

149 803 217 846 mus
231 781 401 846 molestias?
430 781 505 854 Quid
521 782 598 844 enirn
612 782 736 843 interest
746 791 828 843 motu
843 783 933 843 animi
949 781 1063 844 sublato
1079 801 1139 843 non
1155 782 1220 844 dico

151 871 228 930 inter
243 870 385 949 pecudem
401 877 431 930 et
452 869 618 941 hominem,
641 868 691 928 aed
711 866 790 928 inter
809 867 958 928 hominem
974 877 1003 928 et
1017 878 1156 929 truncum
1170 875 1222 928 aut

150 973 250 1016 saxum
273 962 326 1015 aut
348 953 599 1034 quidvisgeneris
619 949 771 1013 eiusdem?
799 951 902 1032 Neque
920 953 998 1013 enim
1022 962 1092 1014 sunt
1106 952 1155 1013 isti
1170 971 1222 1014 au·

151 1039 267 1113 diondi,
289 1040 338 1120 qui
353 1039 489 1100 virtutem
510 1039 613 1099 duram
629 1046 658 1098 ot
676 1038 759 1117 quasi
783 1038 905 1098 ferream
928 1056 992 1099 asse
1011 1038 1157 1118 quandam
1172 1055 1223 1097 ro·

149 1123 230 1185 luntr
253 1143 327 1205 quae
349 1124 467 1204 quidem
483 1135 607 1184 osteum
622 1121 723 1183 multis
744 1123 775 1183 in
797 1121 887 1184 rebus
909 1131 971 1184 tum
994 1123 1024 1183 in
1040 1123 1165 1184 amicitia
1180 1134 1222 1183 te·

151 1228 221 1270 nara
242 1219 330 1289 atquc
350 1208 524 1282 tractabilis,
547 1218 581 1268 ut
602 1215 631 1268 et
651 1207 738 1268 bonis
759 1207 851 1268 amici
866 1208 948 1288 quasi
970 1207 1173 1269 diffundantur
1195 1217 1224 1268 et

150 1294 346 1358 incommodis
367 1294 587 1354 contrahantur.
632 1290 725 1363 Quam
746 1291 784 1353 ob
805 1311 867 1354 rem
889 1311 983 1372 angor
1002 1293 1074 1367 iste,
1096 1293 1146 1372 qui
1166 1311 1222 1373 pro

151 1379 246 1440 amico
261 1397 349 1458 saepe
363 1379 524 1458 capiendus
540 1387 593 1451 ast,
609 1395 669 1438 non
685 1387 800 1439 tanturn
816 1378 891 1438 valet
905 1387 937 1439 ut
952 1377 1035 1439 tollat
1050 1378 1134 1438 evita
1149 1377 1222 1439 ami-

152 1465 265 1525 citiam:
282 1482 342 1524 non
359 1463 528 1543 plusquam
544 1463 730 1538 utvirtutes,
753 1464 820 1544 quia
837 1462 995 1524 nonnullas
1014 1482 1099 1524 curas
1115 1472 1144 1523 et
1158 1481 1223 1523 mo·

152 1549 251 1610 lestias
265 1548 401 1620 afferunt,
416 1548 617 1628 repudientur.
982 1565 985 1572 ’

236 1633 310 1694 xlv.
333 1633 406 1694 Cum
430 1641 527 1694 autem
552 1633 707 1694 contrahat
732 1633 904 1705 amicitiam,
929 1642 963 1693 ut
989 1632 1173 1712 supradixi,
1199 1632 1223 1692 si

153 1737 209 1798 qua
224 1719 399 1797 significatio
413 1718 527 1779 virtutis
542 1718 655 1780 eluceat
672 1718 707 1779 ad
724 1735 809 1797 quam
832 1736 863 1777 se
878 1717 980 1778 similis
1001 1718 1115 1778 animus
1129 1716 1224 1798 appii-

155 1895 232 1954 toten’
252 1901 348 1953 Horren
367 1900 426 1966 (Off.
444 1901 461 1954 l.
475 1906 499 1954 4.
514 1905 544 1954 13
557 1904 664 1952 animus
714 1895 782 1951 ‘man
795 1899 857 1964 sich,
876 1899 900 1952 d.
913 1899 938 1953 h.
952 1899 1006 1950 scin
1019 1899 1082 1950 Hera
1095 1899 1224 1951 erweitort

155 1973 219 2020 hena
245 1968 407 2030 informatam
434 1985 450 2020 a
472 1971 582 2033 notura)
608 1983 664 2020 ver·
714 1996 749 2005 -
766 1967 861 2032 beengt
878 1960 963 2020 idhlt'.
997 1965 1046 2018 Der
1063 1965 1151 2020 Plural
1168 1971 1225 2032 sagi

154 2037 274 2090 schieden
286 2037 320 2089 ist
331 2039 664 2104 banaproeparctnmpao-
715 2035 765 2086 wie
784 2035 825 2086 die
844 2035 934 2101 Lente,
958 2035 1023 2086 nach
1046 2035 1104 2086 dem
1122 2035 1226 2086 Zusam-

155 2111 197 2157 tur
214 2105 301 2158 Horat.
321 2105 401 2158 Garm.
419 2105 447 2157 11.
469 2109 508 2158 10.
528 2107 567 2157 14.
714 2103 858 2168 monhange
882 2102 923 2154 die
941 2103 1069 2168 Freunde,
1094 2118 1123 2154 so
1141 2102 1224 2154 Glnck

188 2176 229 2226 48.
244 2171 369 2239 profecto
387 2166 507 2224 ‘sicher’:
525 2172 542 2224 Ι.
562 2175 586 2226 ⁶2.
715 2171 765 2222 wie
778 2170 896 2237 Ungldck
914 2171 960 2224 des
972 2171 1100 2223 Facundos
1119 2169 1226 2238 empfin-

188 2244 242 2292 nisi
258 2269 292 2279 -
310 2243 395 2291 amada·
414 2246 484 2291 otum
497 2241 664 2291 arbitramur·
715 2239 775 2291 den:
794 2239 847 2305 vgi.
865 2238 977 2305 Madvig,
996 2238 1109 2306 Spraohl.
1123 2239 1139 2306 5
1153 2241 1223 2292 dita

154 2309 188 2362 ist
201 2325 248 2361 nur
260 2309 301 2360 cin
314 2307 382 2360 modi
404 2309 480 2360 cirtcs
497 2311 551 2358 aiei
569 2312 665 2360 emetir-
715 2307 745 2360 A.
764 2310 788 2360 2.

153 2377 521 2444 patoarttvgl.dioeretrihi
535 2377 622 2428 uideri
632 2375 664 2428 Χ.
750 2375 829 2427 tollat
845 2374 992 2426 verbanden
1013 2367 1136 2426 ‘konnte’
1163 2373 1225 2426 oder

155 2449 206 2510 35),
224 2445 276 2496 und
293 2445 358 2496 nach
377 2443 440 2496 Sina
460 2443 513 2496 und
531 2444 666 2497 Construc-
715 2437 825 2496 ‘durite'.

155 2513 209 2565 tion
219 2529 239 2565 s.
249 2527 304 2566 ua.
314 2516 368 2563 nisi
375 2511 606 2580 sortesortirpota
618 2517 665 2563 ert.
750 2527 804 2564 non
820 2511 882 2577 plue
900 2527 979 2576 quam
996 2515 1034 2561 ut.
1058 2508 1136 2560 Daidr
1152 2509 1223 2560 hitto

189 2581 293 2646 aliquos
323 2581 379 2632 eine
409 2580 470 2634 oder
496 2580 537 2633 die
564 2580 665 2646 andere,
716 2595 774 2632 man
793 2582 913 2631 erwartet
930 2595 985 2630 non
997 2577 1225 2645 ptusquamilloa

154 2647 300 2700 nonnullos
317 2664 346 2701 so
363 2649 478 2701 manche.
717 2664 798 2698 curuo
815 2651 842 2697 et
858 2647 1005 2712 molestiae,
1023 2663 1089 2712 quos
1106 2646 1226 2709 affor-rant

190 2715 261 2780 Quid
286 2719 356 2766 anim
384 2720 496 2767 interest
524 2716 666 2783 begrirndet
716 2719 835 2780 cotulas,
854 2715 1225 2766 tontumvalcatutvirtutoa

155 2783 222 2837 noch
245 2782 286 2834 die
310 2783 357 2834 mit
379 2787 427 2848 qm·
447 2782 570 2850 protecto
593 2784 666 2835 cadit
715 2784 899 2850 repudiantur.
922 2783 991 2835 Abor
1009 2783 1073 2834 auch
1085 2797 1114 2832 so
1127 2781 1171 2832 hat
1183 2779 1224 2832 die

156 2851 321 2918 autgestellte
338 2849 516 2918 Bdhauptung.
717 2850 799 2903 Sacho
817 2849 872 2902 ihre
883 2849 1048 2917 Richtigheit,
1066 2848 1150 2900 indam
1168 2848 1224 2900 der-

190 2925 316 2970 trunoum
334 2924 383 2970 cut
399 2934 504 2984 samum,
523 2919 594 2970 nicht
610 2934 666 2971 urn-
716 2919 788 2971 selbo
801 2933 897 2984 angor,
912 2918 956 2970 der
968 2933 1049 2986 gagen
1062 2916 1103 2968 die
1114 2916 1225 2969 Facund-

156 2987 263 3054 gekehrt
274 3003 371 3039 romum
383 2992 432 3038 aut
443 2991 585 3051 truncum
598 2986 665 3038 dcun
716 2986 800 3040 schait
818 2985 973 3052 ontschiede,
991 2984 1138 3051 analogisch
1160 2985 1225 3036 auch

155 3055 206 3107 wie
229 3055 274 3108 das
297 3054 494 3121 unverndnftige
512 3053 590 3107 Thiar
607 3054 664 3106 dem
716 3069 798 3121 gagen
825 3053 866 3105 die
893 3053 1033 3121 Tagendcn
1061 3052 1226 3105 entscheideu

155 3122 293 3176 Menschen
320 3124 399 3175 nahor
428 3122 527 3176 kommt
555 3123 594 3176 als
622 3121 667 3174 dor
716 3122 820 3187 mdiste,
838 3123 898 3173 weil
917 3123 981 3174 auch
994 3122 1063 3174 diese
1076 3137 1105 3173 so
1118 3122 1225 3173 manche

157 3196 277 3256 truncus,
295 3205 324 3242 so
336 3191 370 3243 ist
382 3192 435 3242 ihm
447 3191 530 3244 dieser
541 3191 608 3244 noch
620 3190 667 3242 im·
717 3190 816 3257 Sorgen
845 3191 898 3243 und
924 3189 1111 3244 Beschwerden
1140 3203 1226 3240 verun-

131 3274 211 3312 .mer
234 3259 275 3310 ein
299 3260 385 3325 wenig
409 3259 539 3312 dholicher
562 3260 600 3312 als
624 3259 665 3311 eiu
717 3259 818 3311 sochen.

156 3324 301 3379 Felsbiock.
488 3355 491 3366 ν
750 3325 815 3379 inv,
835 3328 978 3378 contrahat
991 3326 1034 3378 hat
1047 3340 1105 3378 zum
1118 3322 1225 3388 Subject

191 3393 284 3460 Neque
307 3397 377 3444 enim
394 3393 536 3460 hegrdndet
554 3394 602 3446 den
639 3409 667 3446 o·
717 3395 766 3448 den
785 3395 846 3447 Satn
863 3398 888 3446 ei
904 3395 1013 3446 eluceat
1164 3446 1173 3456 ,

157 3463 250 3515 sitiveu
273 3461 356 3514 Inhalt
379 3461 424 3514 der
440 3411 670 3528 vorhergeheution
749 3479 781 3514 eu
800 3459 1133 3528 ra‚nameutlichVIl1.28.
1158 3459 1226 3512 Uber

157 3531 246 3598 Frage,
263 3545 318 3581 non
336 3546 428 3582 carere
439 3532 524 3581 animi
534 3535 610 3581 motu
624 3546 667 3581 so·
716 3531 757 3583 die
792 3531 921 3596 edeutung
937 3545 969 3582 au
985 3528 1067 3596 poulo
1086 3532 1148 3579 onte
1164 3527 1225 3580 xssl.

176 3601 282 3649 iontma.
716 3602 758 3653 46.

155 3615 308 3728 pfmoam
326 3666 461 3731 quandam
478 3657 517 3718 ‘so
534 3677 566 3717 nu
579 3658 664 3732 aagen’
751 3683 779 3717 aa
804 3666 920 3732 applicet
946 3669 970 3716 et
996 3664 1144 3729 adiungat,
1170 3677 1227 3716 ver-

157 3750 209 3786 non
229 3732 301 3785 Stahl
318 3733 370 3785 und
388 3734 472 3817 dison.
498 3802 504 3814 ι
568 3795 576 3818 )
718 3733 839 3786 schieden
856 3749 908 3785 von
925 3733 1062 3798 applicant
1078 3749 1105 3812 so
1123 3737 1148 3782 at
1163 3746 1226 3797 pro-

158 3801 668 3937 mtiiiwiiiri‘hdiihdith³¹⁶*
714 3799 1052 3922 attetttt’tthth
1070 3799 1230 3932 dritta

193 3937 384 4001 diffundantur
400 3967 435 3978 -
457 3940 668 3990 contrahantur:
719 3933 783 3990 ‘sich
801 3937 872 4003 innig
890 3931 1078 3991 anschliotseu'.
