2854 4522
601 232 755 296 ¹lulllLlUS.
855 285 860 296 ,
1178 233 1218 294 33

616 327 622 360 l

149 415 273 486 uterque
295 423 356 468 non
379 414 487 486 posset.
523 405 607 478 Quod
628 407 654 467 si
676 406 726 488 qui
747 407 866 486 longius
887 407 917 468 in
940 407 1066 470 amicitia
1087 391 1218 490 provecti

150 499 264 566 essent,
286 499 383 552 tamen
400 511 487 571 saepe
501 491 667 554 labefactari
682 493 707 552 si
726 492 756 552 in
771 492 893 554 honoris
908 493 1125 554 contentionem
1142 495 1217 558 ioci-

147 576 275 650 rlissent3
297 585 408 657 pestem
431 577 510 638 enim
532 576 642 638 nullam
663 577 802 638 maiorem
825 596 889 638 esse
911 577 1060 653 amicitiis,
1083 599 1169 658 quam
1184 581 1216 642 in

148 661 296 741 plerisque
316 661 460 742 pecuniae
482 661 687 742 cupiditatem,
716 661 746 722 in
767 662 885 742 optimis
906 661 1073 743 quibusque
1094 665 1216 728 honoris

148 754 294 808 certamen
311 755 340 807 ot
353 747 474 824 gloriae,
491 766 525 808 ex
540 765 599 826 quo
615 746 782 808 inimicitias
796 747 935 810 maximas
950 766 1037 827 saepe
1051 748 1129 810 inter
1143 751 1215 812 ami-

147 830 280 892 cissimos
306 832 457 892 exstitisse.
497 831 601 910 Magna
626 831 712 894 etiam
741 831 861 894 discidia
887 841 915 892 et
940 831 1115 913 plerumque
1140 833 1216 898 iusta
1237 843 1265 892 35

146 915 243 988 nasci,
265 933 331 978 cum
347 917 455 996 aliquid
471 916 506 978 ab
522 917 623 978 amicis
645 917 723 996 quod
739 925 853 978 rectum
875 935 936 978 non
960 927 1036 978 esset
1050 919 1214 998 postulare-

146 1009 210 1074 tur,
230 1003 276 1078 (ut
295 1009 346 1064 aut
366 1001 496 1062 libidinis
517 1001 643 1062 ministri
666 1010 715 1062 aut
729 1001 876 1064 adiutores
892 1009 989 1063 essent
1003 1003 1038 1064 acl
1055 1003 1212 1081 iniuriam)

146 1085 225 1164 quod
241 1085 291 1166 qui
306 1094 486 1160 recusarent,
501 1086 632 1166 quamvis
643 1087 766 1148 honeste
778 1086 807 1148 id
819 1087 958 1160 lacerent,
975 1087 1020 1148 ius
1032 1097 1128 1150 tamen
1141 1090 1213 1150 ami·
1292 1133 1294 1142 ι

60 1205 63 1207 -
146 1169 229 1230 citiae
244 1171 380 1232 deserere
394 1180 587 1250 arguerentur
607 1170 642 1232 ab
664 1171 700 1232 iis
720 1170 827 1252 quihus
849 1169 972 1252 obsequi
995 1173 1122 1246 nollent;
1146 1173 1213 1236 illos

143 1263 252 1329 autem,
269 1256 318 1336 qui
336 1256 448 1336 quidvis
460 1256 495 1316 ab
506 1256 600 1317 amico
612 1256 753 1318 auderent
764 1255 921 1336 postulare,
938 1257 1135 1337 postulatione
1150 1259 1212 1339 ipsa

144 1341 276 1419 profiteri
292 1341 390 1402 omnia
405 1359 436 1402 se
450 1341 536 1404 amici
553 1359 640 1404 causa
655 1359 719 1402 esse
734 1341 873 1402 facturos.
903 1341 1013 1402 Eorum
1033 1343 1151 1421 querela
1167 1344 1212 1404 in-

144 1432 285 1486 veteratas
300 1444 361 1486 nuo
374 1427 461 1486 modo
475 1425 683 1488 familiaritates
695 1426 842 1506 exstingui
858 1426 963 1501 solere,
978 1427 1028 1487 sed
1044 1427 1109 1489 odia
1125 1428 1211 1490 etiam

143 1508 225 1588 gigni
240 1510 429 1590 sempiterna.
455 1510 534 1572 llaec
550 1511 589 1574 ita
605 1509 696 1572 multa
713 1511 795 1591 quasi
809 1511 867 1572 lata
881 1510 1052 1592 impendere
1067 1513 1211 1588 amicitiis,

145 1602 179 1654 ut
194 1595 293 1656 omnia
308 1595 513 1674 subterfugere
529 1615 589 1658 nou
604 1597 692 1677 morlo
708 1596 883 1677 sapientiae,
899 1597 950 1659 sed
965 1595 1052 1658 ctiam
1067 1597 1211 1660 felicitatis

142 1678 253 1740 (liceret
267 1679 323 1741 sibi
339 1681 438 1742 videri.

142 1794 207 1846 wird
229 1811 288 1846 vom
316 1795 477 1848 Besonderen
503 1795 570 1858 (dem
594 1796 652 1847 llei-
736 1796 1040 1861 illosquiaudereotim
1050 1795 1209 1861 Gegensatze

141 1863 372 1928 rathsvorschlage)
390 1863 416 1915 in
435 1863 479 1916 der
490 1863 576 1916 Weise
593 1879 651 1916 zum
702 1879 785 1930 gegen
803 1865 938 1929 quodque*
955 1868 1123 1926 recusarent;
1142 1863 1208 1916 dann

141 1929 318 1996 Allgemeinen
329 1931 382 1992 lein
394 1930 508 1984 Vorlheil
519 1931 568 1982 den
580 1932 651 1982 nicht
701 1931 735 1982 ist
748 1931 852 1996 quidvis
859 1936 963 1997 portu
971 1932 1043 1982 lure
1055 1931 1107 1982 und
1119 1936 1209 1982 omnia

142 1997 216 2050 beide
243 1999 359 2064 zugleich
389 2000 510 2065 erlangen
536 1999 650 2062 konnen)
700 1998 858 2060 facturos
874 2015 907 2050 zu
924 1999 1043 2052 hetonen.

141 2065 353 2132 vorgeschritten‚
372 2067 428 2119 dats
446 2083 474 2118 es
493 2066 533 2118 die
552 2065 650 2118 Bedeu-
735 2067 842 2132 querela
855 2067 980 2119 nathrlich
992 2067 1061 2118 nicht
1074 2081 1125 2118 von
1138 2065 1207 2118 einer

141 2137 205 2199 tung
222 2149 274 2186 von
291 2135 361 2185 altus
379 2138 439 2200 quis
457 2135 546 2186 erhilt.
700 2134 832 2186 einzelnen
849 2134 939 2201 Klage‚
956 2151 985 2188 so
1003 2134 1089 2200 wenig
1107 2134 1172 2188 alsl.
1183 2137 1206 2187 2.

177 2201 336 2262 labefactari
357 2206 382 2252 si
405 2202 568 2263 incidissent.
602 2201 648 2253 Die
732 2205 962 2253 inueteratasnort
974 2201 1207 2262 medofumiliart'-

140 2267 263 2332 Suhjecte
280 2270 410 2321 wechseln
428 2269 478 2320 wie
493 2270 528 2320 im
540 2269 649 2322 Vorher·
699 2275 772 2322 tates.
799 2270 844 2322 Die
861 2271 1075 2336 ungewilhnliche
1088 2269 1206 2338 Stellung

139 2337 288 2403 gehendcn‚
319 2338 379 2389 aher
408 2337 434 2389 in
470 2337 648 2404 umgelrehrte'r
698 2337 809 2390 desooo
826 2339 904 2390 modo
920 2337 1014 2390 erlilirt
1032 2339 1087 2398 sich
1106 2338 1205 2404 danaus,

141 2404 226 2470 Folge.
698 2405 755 2458 dass
764 2407 814 2458 Cic.
824 2407 890 2458 auch
899 2407 939 2458 liu
952 2407 1014 2458 odia
1032 2406 1205 2458 zunichstio-

173 2489 207 2524 aa
225 2489 278 2539 quo
296 2476 426 2524 exstitisse
450 2473 534 2525 indem
556 2473 647 2526 claraus
697 2478 817 2526 veterata
825 2475 859 2525 im
867 2474 946 2528 Sinne
958 2475 1036 2540 hatte,
1049 2474 1133 2526 dieses
1145 2475 1205 2526 aber
1300 2491 1302 2496 ·

140 2544 312 2608 entsprungen
331 2543 416 2593 wiron
434 2567 468 2586 =
485 2557 548 2592 nom
563 2558 597 2592 aa
609 2557 646 2592 'eo
697 2541 744 2594 mit
760 2545 921 2608 sempiterna
932 2543 1095 2596 vertauschte
1113 2557 1204 2607 wegen

139 2612 281 2660 castilirio.
298 2626 300 2630 ·
316 2610 362 2660 Εω
379 2626 430 2675 quo
449 2631 479 2656 =
500 2625 553 2676 quo
571 2626 605 2660 eac
616 2627 646 2660 re
696 2609 742 2662 (les
754 2610 833 2663 durch
844 2613 994 2662 inveterato
1002 2613 1085 2676 gigni
1093 2609 1147 2661 sich
1157 2609 1204 2660 bil-

140 2676 201 2740 geht
228 2677 273 2728 aul
297 2677 345 2728 den
372 2693 469 2742 ganzen
494 2677 644 2730 Godanlien:
696 2677 1007 2746 dendenWiderspruchs.
1034 2677 1105 2730 Doch
1123 2677 1203 2729 findet

138 2744 294 2808 quodenset
316 2748 345 2794 in
364 2746 499 2810 plerisque
513 2749 646 2811 peccuniae
696 2746 734 2798 sie
759 2746 812 2797 sich
836 2747 901 2798 auch
924 2747 950 2798 in
974 2745 1057 2798 Vatin.
1075 2745 1139 2796 xlv,
1158 2749 1202 2798 33:

139 2811 284 2877 crepiditue,
310 2815 340 2862 iu
367 2815 474 2878 optimis
499 2815 645 2878 quibusque
696 2813 768 2878 quod
784 2817 814 2863 in
831 2815 881 2864 huc
897 2815 1044 2880 republica
1057 2829 1112 2862 non
1124 2813 1202 2863 modo

136 2881 250 2930 honoria
267 2885 401 2930 certamen
419 2885 445 2931 et
458 2881 572 2945 gloriae.
694 2879 798 2942 factum
810 2887 872 2931 anto
882 2897 1020 2946 nunquam
1030 2885 1102 2945 ercet,
1119 2881 1203 2930 sedin

173 2950 212 3000 35.
232 2948 345 2998 discidio
363 2947 555 3001 Zerwiulnisse.
696 2952 770 2999 omni
780 2953 909 3000 memoria
920 2953 957 3000 sit
973 2951 1079 3000 omnino
1095 2949 1202 3000 irtoudi-

172 3017 243 3066 iusta
260 3017 386 3068 natiirlich
404 3016 474 3068 nicht
488 3016 584 3068 seilens
602 3015 645 3066 tle-
696 3013 823 3084 mmlpro
832 3016 914 3070 Domo
923 3017 1061 3070 xxlxuc:
1073 3019 1202 3082 probrum

137 3096 177 3133 rer
200 3083 298 3136 welche
323 3089 404 3136 etwas
427 3083 569 3136 Unrechtcs
590 3098 645 3134 ver·
694 3101 748 3135 non
766 3085 843 3136 ruodo
862 3087 928 3136 mihi
951 3085 1055 3136 nullum
1079 3087 1202 3150 obiectae,

137 3149 249 3216 langtem
267 3153 376 3204 sondem
388 3152 455 3204 blois
473 3152 545 3204 decer
562 3151 603 3202 die
615 3167 644 3202 es
693 3153 740 3204 aed
756 3155 839 3204 etiam
857 3154 962 3204 laudem
973 3154 1093 3204 illaesione
1108 3169 1200 3203 meam.

136 3219 644 3286 verweigerteu3plcmmqueaber‚nicht
727 3224 865 3286 eusttngui
881 3221 1022 3274 erloschen.

136 3286 225 3338 immet
237 3287 346 3338 sondern
358 3287 427 3338 blots
439 3287 464 3338 in
475 3288 523 3340 den
534 3288 643 3340 meisten
727 3289 799 3339 llaec
815 3292 855 3340 ita
871 3291 958 3341 multo
979 3285 1047 3340 ‘Dies
1066 3289 1151 3339 wiren
1170 3302 1198 3338 so

137 3353 224 3406 hillen
240 3355 455 3420 gerochtfertigte‚
473 3355 558 3408 solem
570 3356 644 3408 aller·
693 3356 760 3408 viele
773 3355 961 3426 Verhhngnisse
974 3355 1120 3424 gleichsam,
1138 3355 1200 3406 wel·
1241 3393 1245 3400 .

136 3421 210 3487 dings
229 3423 292 3474 nach
310 3422 385 3476 XVll.
403 3427 433 3474 61
453 3422 493 3474 his
510 3439 542 3475 zu
559 3424 642 3476 ciuem
693 3425 741 3476 che
758 3425 821 3476 iiber
836 3423 1072 3480 ‹lerFreundschalt
1083 3423 1199 3475 schwab-

136 3490 263 3554 gewissen
283 3491 379 3543 Puncte
397 3491 442 3542 der
459 3490 642 3544 Freundschait
693 3497 745 3557 ten,
763 3487 837 3546 dals'.

136 3557 178 3608 ein
199 3557 384 3623 Zugestindnis
409 3558 526 3625 gemacht
539 3558 641 3610 werden
725 3559 911 3625 scabierfugere
922 3559 956 3610 ist
968 3557 1013 3609 aui
1021 3557 1198 3610 anschauliche

136 3623 199 3677 dari.
693 3627 778 3682 Weise
797 3629 822 3680 in
834 3627 981 3692 Beziehung
993 3625 1037 3676 aul
1046 3627 1198 3692 impendere

169 3698 317 3743 rat—eareat
332 3693 487 3761 Epexegese.
691 3699 798 3762 gesetzt.

169 3761 242 3826 quod
258 3763 305 3826 qui
321 3766 518 3812 recinorcoi--s
528 3776 595 3825 eum,
612 3762 642 3812 id
726 3763 885 3814 dicereteiba‘
895 3761 982 3812 uideri
990 3761 1024 3813 ist
1036 3777 1082 3813 nur
1091 3761 1131 3812 ein
1145 3777 1198 3813 mo·

136 3831 183 3894 qui
190 3835 359 3880 remoror-ent:
375 3831 425 3896 vgl.
437 3833 483 3880 eui
492 3832 539 3894 pua·
543 3834 641 3896 porcat
663 3885 667 3896 Ι
691 3829 813 3882 dificirtes
825 3833 1010 3894 (ausgesagtes)
1027 3832 1079 3880 ribi
1098 3829 1199 3880 videre-

134 3912 241 3960 =eum,
258 3899 284 3948 ei
293 3900 340 3964 qui
347 3902 452 3963 pareat.
471 3898 532 3949 Galo
542 3895 576 3952 Μ.
587 3897 604 3950 l.
615 3900 638 3952 2.
692 3903 743 3950 tur.
761 3897 819 3963 Vgl.
838 3895 938 3949 zulllll.
949 3899 980 3950 27
991 3897 1051 3952 all.

186 3986 284 4034 Laelius.
309 3989 331 4030 8.
344 3988 399 4033 hull.
830 3991 843 4018 ⁴
978 3985 992 4034 3
