2854 4522
597 265 740 320 LdEldUS.
1167 266 1208 327 49

133 458 274 520 saepe-
287 455 354 504 nam
366 438 454 500 redeo
466 439 502 500 ad
514 436 695 519 Scipionem,
707 439 792 501 ouius
803 439 900 500 omnis
912 457 1008 500 sermo
1022 450 1083 502 erat
1093 440 1129 502 de
1140 441 1213 514 ami-

133 526 201 588 citia
215 559 258 572 -
274 523 451 604 querebatur
466 524 544 604 quod
560 523 699 586 omnibus
709 525 741 586 in
752 524 841 586 rebus
862 525 997 586 homiues
1011 524 1213 604 diligentiores

133 617 249 673 essent:
266 627 369 690 capras
383 617 414 670 et
429 627 497 670 ores
512 618 585 689 quot
600 609 725 690 quisque
739 610 861 671 haberet
874 608 974 671 dicere
988 627 1086 690 posse,
1101 611 1212 674 amicos

133 703 208 776 quot
221 695 343 758 haberet
356 713 417 756 non
433 712 521 774 posse
536 694 649 768 dicere;
673 704 703 755 et
724 695 755 755 iu
770 695 830 756 illis
845 694 963 774 quidem
978 695 1116 776 parandis
1130 697 1213 758 adhi-

129 771 203 842 'bere
214 798 326 855 coram,
337 779 479 842 inamieis
491 779 635 858 eligendis
647 779 839 858 neglegentes
851 797 924 854 esse,
942 779 1117 842 nechabcre
1129 783 1213 862 quasi

78 879 80 884 ·
133 866 216 944 signa
232 865 374 945 quaedam
390 873 418 925 et
432 873 532 934 notas,
555 864 662 944 quibus
678 883 728 926 eos
749 863 799 945 qui
822 865 857 926 ad
873 865 1014 928 amicitias
1035 875 1134 928 essent
1148 867 1213 928 ido·
1257 883 1259 888 ·

133 951 182 1012 nei
193 950 367 1012 iudicarent.
399 949 475 1011 Sunt
489 949 579 1028 igitur
589 949 666 1011 firmi
681 959 710 1012 et
721 950 840 1012 stabiles
852 958 881 1011 et
895 959 1064 1012 constantes
1074 950 1211 1032 eligendi,

133 1037 219 1098 cuius
234 1035 352 1114 generis
371 1045 417 1096 est
430 1052 536 1113 magna
556 1035 696 1115 penuria:
713 1035 842 1097 iudicare
863 1035 982 1097 difficile
1005 1044 1047 1097 est
1067 1054 1138 1097 sane
1154 1037 1211 1098 nisi

132 1129 297 1201 expertum,
312 1119 521 1200 experiendum
533 1128 630 1180 autem
646 1129 690 1181 est
703 1121 735 1182 in
751 1121 814 1202 ipsa
833 1120 975 1194 amicitia3
992 1120 1031 1182 ita
1045 1122 1212 1201 praecurrit

132 1205 259 1268 amicitia
284 1205 442 1279 iudicium,
469 1203 605 1284 tollitque
631 1205 800 1286 experiendi
824 1213 1008 1286 potestatem.
1044 1205 1097 1266 Est
1121 1207 1211 1286 igitur
1231 1218 1261 1268 63

131 1290 286 1372 prudentis
301 1291 447 1352 sustinere
462 1297 496 1350 ut
510 1307 647 1365 currum,
669 1291 712 1351 sic
726 1291 870 1372 impetum
887 1290 1125 1352 benevolentiae:
1149 1311 1208 1372 quo

131 1387 250 1438 utamur
265 1375 348 1455 quasi
364 1375 448 1454 equis
461 1375 582 1436 tentetis
597 1375 639 1436 sic
653 1376 795 1450 amicitia,
817 1375 913 1456 aliqua
934 1384 1017 1456 parte
1039 1375 1210 1456 periclitatis

131 1461 265 1522 merlinus
285 1460 457 1522 amicorum.
487 1458 610 1530 Quidam
630 1480 720 1542 saepe
733 1461 764 1522 in
779 1480 867 1542 parva
882 1461 1006 1542 pecunia
1021 1461 1209 1542 perspiciun-

131 1555 181 1608 tur
196 1564 283 1626 quam
295 1545 356 1608 sint
370 1544 456 1621 leves,
474 1545 592 1624 quidam
603 1555 701 1608 autem
715 1565 790 1627 quos
805 1565 891 1627 parra
906 1563 1026 1608 movere
1040 1545 1101 1606 n'on
1112 1547 1210 1627 potuit

132 1640 356 1710 cognoscuntur
369 1631 401 1692 in
415 1648 530 1708 magua.
561 1630 614 1692 Sin
630 1641 718 1694 erunt
730 1632 821 1711 aliqui
836 1632 963 1712 reperti,
985 1630 1035 1712 qui
1051 1633 1209 1712 pecuniam

131 1717 279 1797 praeferre
294 1715 438 1778 amicitiae
452 1715 604 1778 sordidum
619 1717 800 1778 existiment:
816 1715 867 1778 ubi
883 1735 935 1777 eos
946 1715 1140 1791 inveniemus,
1156 1718 1208 1798 qui

131 1803 261 1880 honores
275 1801 477 1880 magistratus,
491 1800 613 1882 imperia
629 1809 788 1882 potestates
803 1819 875 1881 opes
890 1801 1034 1864 amicitiae
1048 1819 1109 1862 non
1124 1813 1208 1862 ante·

131 1897 262 1968 ponant,
277 1895 311 1950 ut
325 1905 391 1949 mam
406 1886 547 1954 exaltem
562 1895 645 1966 parte
659 1886 811 1966 proposita
825 1887 898 1946 haec
912 1885 986 1954 siut,
1007 1903 1043 1946 ex
1054 1885 1146 1946 altera
1161 1887 1208 1948 ius

131 1971 293 2046 amicitiae,
315 1989 376 2032 non
399 1970 493 2032 multo
508 1970 556 2031 illa
571 1968 696 2031 malint?
724 1969 872 2031 lrubecilla
888 1970 967 2030 enim
988 1977 1032 2030 est
1052 1979 1155 2032 natura
1171 1971 1207 2032 ad

131 2057 376 2118 contemnendam
392 2055 570 2137 potentiam:
588 2073 674 2136 quam
687 2055 800 2116 etiamsi
815 2054 948 2134 neglecta
959 2053 1085 2116 amicitia
1100 2073 1207 2118 conse-

131 2142 191 2204 cuti
206 2141 282 2215 sim,
303 2141 493 2204 obscuratum
509 2140 545 2200 iri
559 2140 739 2202 arbitrantur
754 2139 822 2220 quia
843 2158 904 2202 non
920 2140 984 2202 sine
998 2157 1104 2218 magna
1119 2159 1206 2204 causa

164 2309 205 2360 62.
225 2309 302 2357 mlius
320 2305 579 2359 omnismodi.
598 2306 643 2358 der
693 2321 745 2358 von
763 2305 807 2358 der
819 2305 1013 2372 Freundsclmlt,
1031 2307 1081 2358 wie
1099 2323 1150 2360 von
1168 2309 1205 2360 ei-

128 2375 172 2427 bei
204 2374 278 2439 Jeder
307 2373 475 2440 Gelegenheit
507 2375 570 2426 inber
600 2373 642 2425 die
693 2390 751 2426 nem
770 2374 906 2442 geprt‘dten
924 2374 1058 2441 (impetro,
1076 2375 1124 2426 mit
1142 2375 1205 2428 aller

129 2441 316 2495 Freuudsclr'all
334 2443 433 2510 sprach.
468 2441 526 2507 Vgl.
544 2445 642 2508 saepis-
694 2442 836 2495 Sicherheit
847 2471 881 2482 -
894 2441 949 2494 dies
971 2443 1006 2494 ist
1024 2442 1069 2494 das
1087 2442 1203 2495 Tertium

128 2514 194 2562 dms
211 2510 241 2576 X,
261 2513 293 2564 33
310 2510 363 2562 und
380 2513 411 2562 in
429 2515 502 2562 omni
521 2525 643 2562 sermone
693 2510 1076 2578 comparationis-Gebmuch
1094 2511 1201 2563 macheu

128 2579 147 2630 Ι.
167 2583 190 2632 1.
224 2577 335 2630 Alrulich
352 2578 431 2632 dead.
449 2579 467 2632 Ι,
485 2583 509 2632 4.
530 2583 562 2633 16
580 2595 642 2632 vom
692 2595 725 2631 zu
742 2579 854 2642 kdnnen.
876 2577 960 2631 Durch
971 2578 1013 2630 die
1024 2577 1203 2645 Ubersetcung

130 2645 262 2698 Socrates:
289 2649 373 2698 omnis
391 2650 448 2698 eius
471 2651 561 2698 oratio
580 2647 641 2712 (alle
692 2646 812 2714 Geapann
830 2647 972 2712 (inrogata)
985 2645 1050 2698 wird
1062 2647 1126 2699 auch
1138 2646 1202 2712 lalar,

129 2713 641 2780 seiueVortrdgelieoirtntolocdanda
693 2715 744 2765 wie
764 2713 900 2766 dieLesart
918 2717 1039 2765 amicitia
1051 2714 1203 2779 (fornonei-

129 2784 342 2834 oonsamebatar.
606 2849 611 2861 ι
693 2784 749 2846 tiis)
767 2781 808 2833 die
826 2784 1018 2864 angemelsnerp
1035 2782 1077 2834 ist.
1161 2851 1166 2862 ι

129 2849 642 2984 ,ratiocinatiunculis
691 2851 1203 2970 „scirtaoccleuearo

129 2985 187 3038 dala
198 3002 277 3052 saepe
288 2985 438 3052 vornngeht.
457 2985 520 3037 Galo
529 2983 562 3036 Μ.
572 2985 600 3036 ll.
608 2989 638 3036 4:
691 2986 733 3037 bei
742 2987 788 3037 hol
797 3001 856 3036 man
865 2985 988 3038 runichst
998 3001 1031 3038 an
1039 2985 1137 3038 Handel
1148 2987 1200 3039 und

128 3053 326 3120 Saepenumero
345 3055 479 3106 admirari
494 3053 574 3104 soleo.
602 3051 640 3104 lte,
691 3053 800 3105 Wandel
817 3069 849 3104 zu
869 3051 984 3119 denken,
1009 3054 1079 3110 nicht
1103 3069 1135 3106 an
1152 3054 1202 3108 Be·

128 3121 170 3174 Or.
181 3122 200 3175 l.
214 3125 255 3176 tt.
271 3125 331 3176 124:
360 3123 455 3174 Altero
476 3125 583 3186 (eausa)
601 3126 641 3172 est
690 3120 878 3174 stechliclrlreit.

129 3191 202 3254 daec,
220 3191 253 3240 da
271 3207 323 3256 quo
342 3195 420 3256 pueri
435 3207 514 3256 saepe
529 3190 609 3242 solco.
724 3189 789 3241 Sin:
807 3189 837 3241 x.
857 3193 899 3242 34.

163 3261 242 3376 elegea
259 3257 446 3324 lleuuaeielten,
463 3263 545 3310 nolae
555 3257 639 3310 Merk-
704 3261 927 3376 Ι13ηψοιειϊιωίνιί
938 3273 985 3310 vor
994 3257 1084 3322 Augen
1094 3254 1198 3322 gestellt
1282 3305 1285 3312 Δ

128 3341 170 3378 ma
181 3339 203 3379 e.
689 3341 755 3378 sm.

163 3398 303 3460 sepontum
320 3393 356 3446 ist
368 3393 412 3446 der
423 3393 484 3447 Ace.
497 3393 543 3446 des
551 3393 639 3460 Maec,
722 3394 807 3445 multo
825 3407 917 3460 wegeu
935 3393 981 3446 des
997 3393 1024 3443 in
1035 3391 1132 3442 malint
1143 3396 1199 3444 ent-

128 3461 181 3514 und
199 3477 220 3514 s.
238 3477 263 3514 v.
282 3477 305 3516 a.
323 3466 450 3528 expertus
465 3465 510 3512 sir.
688 3462 810 3514 hulteueu
828 3458 1103 3528 Comparativbegrills.

163 3533 204 3584 63.
216 3533 347 3581 masticem
356 3529 496 3595 anshalmo,
505 3530 637 3581 hemmeu:
721 3534 893 3582 obscuratum
917 3532 956 3580 irc·
977 3528 1033 3580 dats
1057 3542 1085 3578 es
1108 3525 1198 3590 (durch

128 3597 190 3648 eber
211 3598 283 3650 nicht
304 3613 414 3650 mamm
437 3597 490 3650 und
512 3601 639 3664 impetam
689 3597 738 3649 den
756 3599 835 3650 Glanz
858 3597 904 3648 des
921 3595 1069 3661 Erlangteu)
1087 3594 1201 3647 verdum,

129 3664 187 3718 sind
222 3665 342 3729 einander
379 3665 638 3734 gegentihergestellt,
688 3665 744 3718 kelt
752 3665 864 3726 werden,
876 3664 932 3716 also
944 3663 971 3716 in
982 3663 1065 3715 ciuem
1074 3663 1197 3715 mildereu

129 3732 240 3786 sondem
258 3749 368 3785 comm
385 3735 438 3787 und
452 3738 579 3801 impetum
597 3735 639 3784 be-
688 3733 777 3785 ldclrle
795 3732 944 3784 ersclteinen
961 3731 1055 3785 werde.
1072 3731 1119 3784 lile
1135 3729 1197 3782 Urn-

127 3803 295 3854 nsoolentr'ue
307 3827 343 3850 ει
357 3809 479 3855 ruentem
501 3805 581 3869 quari
597 3803 640 3852 la-
688 3801 842 3866 sclrreibung
859 3800 905 3852 des
921 3800 979 3852 Fut.
996 3799 1041 3852 lnl.
1059 3799 1130 3852 Paeo.
1149 3800 1197 3851 mit

128 3870 316 3922 accolentium.
688 3871 726 3921 t‘n'
742 3868 835 3920 beruht
853 3867 950 3934 darauf,
968 3868 1024 3920 dals
1036 3884 1066 3919 eo
1078 3868 1126 3919 mit
1138 3867 1194 3919 dem

162 3953 216 4004 guo
238 3932 291 3992 ‘um
315 3933 351 3992 so’
377 3939 436 4006 (eig.
455 3953 498 3993 um
516 3936 638 4005 dadurchl
688 3936 813 4006 Supinum
829 3937 974 4005 uberhaupt
990 3952 1035 3989 zur
1050 3935 1190 3988 Unsetnet

179 4027 278 4076 Laelius.
304 4029 325 4072 8.
339 4029 394 4075 lull.
975 4025 992 4074 4
