2854 4522
606 263 749 320 nunnius,

1175 264 1214 324 47

144 438 194 500 iile
215 437 282 498 finis
304 439 493 514 detersimus,
513 447 545 500 ut
568 438 671 518 quanti
686 437 811 518 quisque
826 455 857 498 se
872 437 936 518 ipse
953 437 1052 512 saciat,
1076 440 1146 502 tanti
1166 440 1217 501 fiat

144 523 180 585 ab
201 522 311 584 amicis.
342 523 436 605 Saepe
458 524 537 584 enim
558 524 586 583 in
611 522 784 603 quibusdam
806 531 856 584 aut
876 523 991 584 animus
1006 523 1146 586 abiectior
1161 533 1215 599 est,

143 618 194 670 ant
214 626 283 688 spes
301 609 522 689 amplificandae
543 609 679 670 fortunae
700 607 828 669 fractior.
864 606 930 670 Non
952 618 996 670 est
1016 607 1108 688 igitur
1130 610 1215 670 amici

142 693 231 754 talem
248 711 311 754 esse
326 695 357 754 in
374 712 459 767 eum,
481 693 574 774 qualis
588 693 638 754 ille
653 693 683 753 in
706 711 737 754 se
753 701 814 768 ost;
836 693 887 754 sed
907 693 1007 774 potius
1022 693 1093 754 eniti
1109 703 1137 754 et
1152 695 1214 756 effi-

144 786 259 840 cenent
281 779 366 840 amici
382 778 525 840 iacentem
547 779 677 840 animum
700 777 821 852 excitet,
843 778 1022 858 inducatque
1037 797 1119 860 spem
1135 779 1216 858 cogi-

142 863 343 944 tationemque
358 864 519 925 meliorem.
549 863 631 925 Alius
646 863 737 942 igitur
758 863 825 924 fluis
839 881 923 924 verae
946 863 1091 926 amicitiae
1106 864 1216 925 consti-

144 949 271 1010 tuendus
286 957 347 1023 est,
369 949 392 1010 si
410 949 492 1030 prius
513 949 583 1029 quid
604 948 729 1010 maxime
750 949 967 1029 reprehendere
989 947 1088 1030 Scipio
1110 949 1215 1010 solitus

144 1034 182 1094 sit
196 1033 305 1095 dixeno.
335 1033 466 1113 Negabat
482 1033 570 1095 ullum
587 1051 687 1095 vocem
709 1033 905 1095 inimiciorem
926 1033 1069 1104 amicitiae
1083 1034 1216 1115 potuisse

143 1119 267 1199 reperiri
283 1137 369 1199 quam
385 1119 458 1192 eius,
475 1119 524 1199 qui
540 1119 660 1180 dixisset
673 1119 712 1180 ita
727 1135 824 1180 amare
839 1126 977 1200 oportere
997 1129 1028 1180 ut
1043 1119 1067 1180 si
1083 1119 1216 1200 aliquau-

145 1203 182 1264 do
204 1212 281 1265 esset
301 1221 417 1266 osurus.
447 1204 508 1265 Nec
521 1221 590 1265 vcro
605 1222 637 1264 sc
657 1203 761 1264 adduci
782 1221 870 1284 posse
892 1213 926 1266 ut
941 1203 999 1266 hoc
1013 1203 1055 1249 ἓ-
1071 1222 1158 1285 quem
1180 1205 1216 1265 ad

143 1289 264 1350 modum
280 1297 434 1370 putaretur
447 1323 489 1334 -
504 1307 520 1350 a
535 1288 639 1350 Biante
654 1307 717 1350 esse
733 1289 841 1350 dictum
860 1289 1009 1364 crederet,
1032 1289 1083 1369 qui
1098 1289 1216 1370 sapiens

144 1373 264 1435 habitus
278 1381 354 1435 esset
368 1391 474 1436 unnse
489 1381 617 1455 septem:
634 1373 741 1455 impuri
757 1374 907 1436 cuiusdam
924 1382 975 1436 aut
989 1375 1147 1450 ambitiosi,
1167 1383 1216 1436 aut

145 1459 243 1520 omnia
258 1459 293 1519 ad
316 1477 397 1520 suam
414 1460 580 1540 potentiam.
597 1459 760 1521 revocantis
782 1479 845 1520 esse
866 1460 1051 1522 sententiam.
1081 1459 1215 1532 Quonam

146 1545 225 1606 enim
240 1543 328 1604 modo
344 1543 498 1624 quisquam
519 1545 632 1606 amicus
647 1563 711 1606 esse
732 1545 840 1625 poterit
863 1545 905 1619 ei,
928 1545 975 1606 cui
991 1563 1023 1606 se
1039 1545 1154 1626 putabit
1168 1545 1215 1606 in·

145 1629 264 1690 imicum
281 1647 344 1690 esso
359 1627 469 1710 posse?
498 1628 575 1701 Quin
592 1630 677 1692 etiam
693 1649 814 1692 necesse
829 1629 883 1690 em‘t
898 1648 1007 1711 cupere
1023 1640 1052 1692 et
1067 1640 1168 1712 optare
1183 1640 1216 1691 ut

146 1731 233 1794 quam
248 1713 416 1795 saepissime
430 1724 534 1796 peccet
547 1715 669 1791 amicus,
688 1733 747 1796 quo
763 1715 862 1796 plures
877 1715 925 1776 det
939 1715 994 1776 sihi
1011 1723 1148 1795 tanquam
1163 1733 1216 1776 an-

145 1817 193 1860 sas
208 1800 242 1860 ad
261 1800 555 1880 reprehendendum
576 1819 694 1862 rursum
717 1808 813 1860 autem
836 1808 915 1860 necte
935 1800 1019 1861 factis
1040 1801 1215 1862 commodis·

146 1902 204 1963 que
218 1885 378 1946 amicorum
394 1903 514 1948 necesse
530 1886 585 1946 enit
598 1885 667 1964 angi
683 1884 782 1947 dolere
800 1883 938 1944 invidere.
968 1883 1064 1954 Quane
1078 1885 1136 1945 hoc
1151 1885 1217 1964 qui·
1237 1895 1267 1945 60

180 2033 245 2095 ficio
262 2033 523 2102 Grenzbestimmung.

174 2105 251 2152 eniti*
264 2107 290 2152 et
313 2101 421 2165 efficere
446 2103 494 2154 mit
520 2101 582 2154 aller
605 2102 657 2154 An-

148 2174 288 2236 strengung
306 2169 382 2220 dahin
401 2186 432 2224 nu
451 2169 558 2222 wirken.

181 2237 307 2287 inducero
334 2237 525 2290 henaufluhren:
552 2239 656 2291 bessem

146 2303 307 2370 Hcffnuugen
329 2305 381 2356 und
399 2305 537 2358 Gedanken
561 2306 657 2372 gleich-

147 2386 201 2424 sam
220 2371 347 2424 auitreten
365 2373 457 2426 tasson.

180 2455 259 2491 cerac
277 2444 414 2492 amentiae
432 2441 541 2495 Genitiv.

180 2509 656 2578 inimicioremamicitiocWortspiel.

181 2582 247 2628 esset
271 2593 373 2629 ceteros.
415 2577 522 2643 Subject
548 2579 583 2630 ist
609 2579 656 2631 das

146 2645 327 2698 unbestimmte
351 2639 427 2698 ‘man’
447 2648 525 2712 (quie)
547 2646 592 2698 des
610 2663 657 2698 nn-

146 2712 277 2764 mittelbar
304 2713 529 2780 vorhergehenden
558 2713 655 2768 Satzes.

146 2779 269 2832 Dasselbe
287 2773 362 2832 ‘man’
381 2782 416 2833 ist
432 2780 537 2835 Catoni.
547 2781 608 2834 Vlli.
623 2785 670 2836 25⁴

148 2862 194 2900 aus
218 2849 267 2900 diu
296 2849 408 2899 uiuendo
435 2865 466 2902 nu
494 2850 654 2902 entnehmen.

146 2914 239 2968 Bessos
257 2916 318 2968 aber
341 2917 375 2968 ist
396 2916 440 2968 der
457 2915 591 2982 Gedaukc,
615 2921 656 2969 tto

147 2984 233 3036 odim
261 2989 382 3051 oportere
407 2989 439 3035 nt
458 2988 483 3035 ci
508 2986 655 3050 aliquando

147 3057 213 3102 cecat
223 3058 377 3104 amaturus:
396 3053 445 3106 wie
457 3053 522 3106 nach
531 3053 656 3106 Diodoros

146 3119 197 3172 xli.
211 3122 251 3172 20.
273 3125 287 3174 3
306 3120 432 3174 Zaleukos
450 3121 530 3206 gebot
540 3117 657 3242 incudm

146 3187 206 3238 τῶν
216 3185 340 3240 πολιτῶν
346 3185 539 3258 ἐχθρὸνανατά
557 3185 657 3242 λαντον

147 3252 226 3319 ἔχειν,
244 3249 300 3306 ἀλλ’
314 3249 388 3307 οὕτω
405 3253 456 3320 τὴν
467 3253 575 3327 ἔχθραν
592 3251 657 3309 ἀνα·

148 3317 312 3391 λαμβάνειν,
338 3317 374 3375 οἷο
396 3316 497 3388 ἥξοντα
519 3321 603 3378 πάλιν
621 3325 657 3378 εἰς

149 3385 278 3443 σύλλυσιν
295 3394 340 3442 καὶ
359 3389 464 3461 φιλίαν.

166 3459 238 3540 ΙΝοο
254 3475 317 3512 uero
335 3459 408 3512 Auch
426 3475 471 3526 gar
489 3461 573 3527 nicht,
592 3463 656 3514 auch

148 3543 261 3582 nammer.

184 3596 656 3664 qucm'admodumputarcdur,nimi.

149 3681 165 3714 a
182 3665 280 3716 Biante
297 3664 407 3716 dictum.
443 3663 578 3732 syllepsis.

183 3733 289 3783 habitus
306 3737 371 3786 cecat
381 3757 416 3777 =
434 3733 589 3798 haberetur,
606 3733 657 3784 wie

148 3799 189 3854 nt.
213 3803 244 3854 32
269 3803 455 3867 apponemus
470 3825 504 3846 =
522 3805 656 3867 appetunt.

183 3871 284 3935 impura·
295 3869 433 3920 meccedem
445 3871 520 3935 (ganz
527 3868 656 3933 unienter)

706 2038 755 2084 nott
763 2033 834 2098 (oder
843 2033 1011 2099 wenigstcns)
1024 2033 1217 2086 cmoinauider

706 2101 800 2152 andern
823 2100 906 2162 Seite;
927 2105 1076 2168 potentiam
1098 2101 1160 2154 laist
1184 2118 1216 2154 an

707 2170 780 2221 einen
791 2168 954 2222 Staatsmann
966 2169 1074 2235 denken‚
1090 2185 1216 2222 revocare

707 2236 853 2298 =rcscrrc
869 2237 911 2292 IX.
929 2240 969 2290 32.

741 2321 843 2357 necnec
854 2309 908 2356 aaut
925 2321 953 2358 es
962 2299 1066 2359 ‘wdrde'
1081 2303 1216 2360 ncthwcn-

709 2371 753 2440 dig
771 2374 839 2426 scin:
857 2373 888 2427 V.
900 2377 939 2428 18.

743 2457 839 2508 cupere
868 2447 894 2492 ct
922 2447 1016 2508 optare
1045 2441 1090 2494 das
1122 2445 1218 2508 (natm-

708 2508 1217 2576 licite,unwillkdriiohe)Veriangennud

708 2578 757 2630 deu
787 2577 956 2644 (fiberlegten,
981 2576 1216 2644 wohlerwogenen)

707 2643 822 2698 Wunsch
839 2646 930 2712 hegen.

743 2718 869 2779 unquam
886 2730 966 2765 ansae
977 2714 1014 2765 od
1023 2715 1217 2781 reprehendan-

708 2781 771 2831 dnm
788 2781 994 2848 Anhaltepuncte
1017 2782 1061 2832 ihu
1079 2797 1110 2833 zu
1129 2781 1215 2836 iasscn

707 2848 789 2913 (nicht
796 2844 837 2900 ‘zu
848 2844 951 2914 tadeln'‚
969 2849 1087 2914 obgleich
1105 2848 1160 2901 dies
1172 2863 1216 2914 ge-

706 2915 787 2968 meint
807 2915 859 2979 ist).
1163 2983 1169 2996 .

707 2981 1216 3118 ιιίληέλᾱιλλολῖθλλιολιζίλέολλλλεεοιιξλλ

707 3120 782 3172 Wort
803 3136 846 3172 um
869 3123 926 3172 eine
942 3119 1015 3186 §ilbe
1037 3122 1150 3184 wachst,
1174 3119 1215 3172 die

707 3188 777 3240 Rode
785 3189 839 3240 sich
847 3189 916 3241 hebt.
936 3189 1216 3253 Ahulichcclitonqui-

707 3261 754 3308 rat
781 3257 912 3309 λοιίἀονολ
939 3257 1026 3310 XXIV.
1047 3260 1093 3322 88,
1122 3258 1216 3321 iurgia

707 3325 851 3377 maledicta
861 3326 1035 3378 contumeliae
1043 3324 1108 3378 xxi.
1122 3327 1163 3388 ts,
1175 3326 1217 3374 ἰπ-

708 3394 780 3445 dicio
798 3393 864 3446 lacto
882 3395 1015 3460 descripto
1034 3393 1172 3458 diuulgato
1190 3407 1216 3459 p.

708 3461 895 3532 Sullanum,
912 3465 977 3514 daec
987 3476 1087 3527 magna
1099 3463 1165 3511 Ιιοοο
1176 3461 1216 3512 di-

707 3534 771 3582 oina
792 3533 857 3582 doec
878 3534 1038 3598 sempiterno
1061 3533 1124 3579 eunt
1140 3527 1215 3582 Tusc.

706 3599 723 3650 1.
743 3601 783 3650 Ἡ.
802 3602 843 3652 nt.
879 3595 1052 3662 Merkwiindig
1068 3597 1102 3648 ist
1119 3597 1145 3648 in
1164 3595 1216 3648 die-

708 3681 749 3720 ser
757 3665 906 3732 Bcziehung
918 3667 962 3717 der
970 3664 1133 3717 Homerische
1143 3663 1215 3729 Veis,

707 3733 734 3784 in
747 3734 871 3785 welchem
881 3727 995 3785 Priamus
1008 3732 1054 3784 mit
1063 3733 1152 3784 immor
1161 3732 1217 3785 vol-

707 3801 785 3852 lerom
803 3799 897 3852 Mundo
920 3799 1065 3882 dasffdlnck
1087 3801 1132 3853 des
1149 3801 1218 3920 Aga-

707 3883 826 3920 memnon
843 3869 935 3935 proist:
954 3888 977 3920 ω
987 3863 1077 3940 μάκαρ
1086 3864 1175 3942 Ἀτρει
1191 3886 1208 3932 η

150 3942 197 3987 oct
214 3939 350 3988 ambitiosi
366 3937 435 3989 steht
453 3937 498 3989 auf
514 3936 558 3989 der
573 3937 656 4003 einen,
706 3940 871 4007 μοιρηγενές,
889 3931 1074 4005 ὀλβιόδαιμον.
